<?xml version="1.0" encoding="UTF-8"?>
<!DOCTYPE html PUBLIC "-//W3C//DTD XHTML 1.0 Transitional//EN"
    "http://www.w3.org/TR/xhtml1/DTD/xhtml1-transitional.dtd">
<html xmlns="http://www.w3.org/1999/xhtml" xml:lang="en" lang="en">
 <head>
  <title>
</title>
<meta http-equiv="Content-Type" content="text/html;charset=utf-8" />
  <meta name='ocr-system' content='tesseract 3.04.00' />
  <meta name='ocr-capabilities' content='ocr_page ocr_carea ocr_par ocr_line ocrx_word'/>
</head>
<body>
  <div class='ocr_page' id='page_1' title='image "./expositiocharac00berkgoog_0065.png"; bbox 0 0 4794 6156; ppageno 0'>
   <div class='ocr_carea' id='block_1_1' title="bbox 555 449 1905 638">
    <p class='ocr_par' dir='ltr' id='par_1_1' title="bbox 555 449 1905 638">
     <span class='ocr_line' id='line_1_1' title="bbox 555 449 1905 638; baseline -0.006 -15"><span class='ocrx_word' id='word_1_1' title='bbox 555 449 558 455; x_wconf 16' lang='grc' dir='ltr'><em>ι</em></span> <span class='ocrx_word' id='word_1_2' title='bbox 724 525 790 638; x_wconf 60' lang='lat' dir='ltr'><strong>§fl</strong></span> <span class='ocrx_word' id='word_1_3' title='bbox 895 523 1009 616; x_wconf 89' lang='lat' dir='ltr'><strong>DE</strong></span> <span class='ocrx_word' id='word_1_4' title='bbox 1067 523 1416 616; x_wconf 80' lang='lat' dir='ltr'><em>CALYCE</em></span> <span class='ocrx_word' id='word_1_5' title='bbox 1469 523 1905 616; x_wconf 86' lang='lat' dir='ltr'><em>PROPRIO.</em></span> 
     </span>
    </p>
   </div>
   <div class='ocr_carea' id='block_1_2' title="bbox 714 718 2088 3985">
    <p class='ocr_par' dir='ltr' id='par_1_2' title="bbox 726 718 2088 941">
     <span class='ocr_line' id='line_1_2' title="bbox 726 718 2088 844; baseline 0 -36"><span class='ocrx_word' id='word_1_6' title='bbox 726 741 830 844; x_wconf 70' lang='lat' dir='ltr'><strong>pur,</strong></span> <span class='ocrx_word' id='word_1_7' title='bbox 857 725 898 806; x_wconf 91' lang='lat' dir='ltr'><strong>in</strong></span> <span class='ocrx_word' id='word_1_8' title='bbox 924 723 1002 806; x_wconf 87' lang='lat' dir='ltr'><strong>aliis</strong></span> <span class='ocrx_word' id='word_1_9' title='bbox 1052 721 1311 827; x_wconf 81' lang='lat' dir='ltr'><strong>eriuuthium,</strong></span> <span class='ocrx_word' id='word_1_10' title='bbox 1339 721 1444 804; x_wconf 88' lang='lat' dir='ltr'><strong>utin</strong></span> <span class='ocrx_word' id='word_1_11' title='bbox 1471 718 1824 830; x_wconf 74' lang='lat' dir='ltr'><strong>Atcl‘otide(h),·</strong></span> <span class='ocrx_word' id='word_1_12' title='bbox 1851 725 1891 806; x_wconf 89' lang='lat' dir='ltr'><strong>in</strong></span> <span class='ocrx_word' id='word_1_13' title='bbox 1919 725 1998 810; x_wconf 86' lang='lat' dir='ltr'><strong>aliis</strong></span> <span class='ocrx_word' id='word_1_14' title='bbox 2020 727 2088 814; x_wconf 90' lang='lat' dir='ltr'><strong>de·</strong></span> 
     </span>
     <span class='ocr_line' id='line_1_3' title="bbox 734 739 1079 941; baseline -0.003 -26"><span class='ocrx_word' id='word_1_15' title='bbox 734 857 853 939; x_wconf 89' lang='lat' dir='ltr'><strong>mque</strong></span> <span class='ocrx_word' id='word_1_16' title='bbox 881 739 1079 941; x_wconf 59' lang='lat' dir='ltr'><strong>cudyoufs.</strong></span> 
     </span>
    </p>

    <p class='ocr_par' dir='ltr' id='par_1_3' title="bbox 722 934 2085 2241">
     <span class='ocr_line' id='line_1_4' title="bbox 792 934 2085 1050; baseline 0.005 -26"><span class='ocrx_word' id='word_1_17' title='bbox 792 944 833 1024; x_wconf 87' lang='lat' dir='ltr'><strong>Si</strong></span> <span class='ocrx_word' id='word_1_18' title='bbox 868 963 989 1046; x_wconf 88' lang='lat' dir='ltr'><strong>porro</strong></span> <span class='ocrx_word' id='word_1_19' title='bbox 1020 942 1223 1023; x_wconf 82' lang='lat' dir='ltr'><strong>Generum</strong></span> <span class='ocrx_word' id='word_1_20' title='bbox 1243 934 1487 1023; x_wconf 89' lang='lat' dir='ltr'><strong>definitiones</strong></span> <span class='ocrx_word' id='word_1_21' title='bbox 1511 961 1809 1045; x_wconf 76' lang='lat' dir='ltr'><strong>percurramus,</strong></span> <span class='ocrx_word' id='word_1_22' title='bbox 1836 946 2085 1050; x_wconf 85' lang='lat' dir='ltr'><strong>perspicimus</strong></span> 
     </span>
     <span class='ocr_line' id='line_1_5' title="bbox 733 1045 2084 1160; baseline 0.005 -28"><span class='ocrx_word' id='word_1_23' title='bbox 733 1050 798 1132; x_wconf 87' lang='lat' dir='ltr'><strong>cul</strong></span> <span class='ocrx_word' id='word_1_24' title='bbox 787 1075 894 1156; x_wconf 77' lang='lat' dir='ltr'><strong>ptem</strong></span> <span class='ocrx_word' id='word_1_25' title='bbox 913 1065 967 1158; x_wconf 79' lang='lat' dir='ltr'><strong>pr</strong></span> <span class='ocrx_word' id='word_1_26' title='bbox 969 1051 1114 1158; x_wconf 81' lang='lat' dir='ltr'><strong>oprtum</strong></span> <span class='ocrx_word' id='word_1_27' title='bbox 1132 1045 1378 1140; x_wconf 81' lang='lat' dir='ltr'><strong>solummodo</strong></span> <span class='ocrx_word' id='word_1_28' title='bbox 1389 1047 1545 1132; x_wconf 88' lang='lat' dir='ltr'><strong>descnb1</strong></span> <span class='ocrx_word' id='word_1_29' title='bbox 1566 1047 1707 1132; x_wconf 85' lang='lat' dir='ltr'><strong>existis</strong></span> <span class='ocrx_word' id='word_1_30' title='bbox 1726 1049 1954 1156; x_wconf 88' lang='lat' dir='ltr'><strong>seminibus,</strong></span> <span class='ocrx_word' id='word_1_31' title='bbox 1984 1080 2084 1160; x_wconf 89' lang='lat' dir='ltr'><strong>quae</strong></span> 
     </span>
     <span class='ocr_line' id='line_1_6' title="bbox 732 1153 2085 1347; baseline 0.004 -105"><span class='ocrx_word' id='word_1_32' title='bbox 732 1161 964 1242; x_wconf 86' lang='lat' dir='ltr'><strong>coronulam</strong></span> <span class='ocrx_word' id='word_1_33' title='bbox 989 1154 1132 1240; x_wconf 87' lang='lat' dir='ltr'><strong>foliolis</strong></span> <span class='ocrx_word' id='word_1_34' title='bbox 1166 1155 1424 1260; x_wconf 83' lang='lat' dir='ltr'><strong>composrtam</strong></span> <span class='ocrx_word' id='word_1_35' title='bbox 1461 1153 1608 1240; x_wconf 87' lang='lat' dir='ltr'><strong>habent</strong></span> <span class='ocrx_word' id='word_1_36' title='bbox 1635 1155 1748 1347; x_wconf 79' lang='lat' dir='ltr'><strong>(i):</strong></span> <span class='ocrx_word' id='word_1_37' title='bbox 1775 1185 1834 1242; x_wconf 80' lang='lat' dir='ltr'><strong>ex.</strong></span> <span class='ocrx_word' id='word_1_38' title='bbox 1854 1189 1916 1268; x_wconf 82' lang='lat' dir='ltr'><strong>gr.</strong></span> <span class='ocrx_word' id='word_1_39' title='bbox 1943 1166 1985 1244; x_wconf 91' lang='lat' dir='ltr'><strong>in</strong></span> <span class='ocrx_word' id='word_1_40' title='bbox 2007 1167 2085 1247; x_wconf 85' lang='lat' dir='ltr'><strong>He·</strong></span> 
     </span>
     <span class='ocr_line' id='line_1_7' title="bbox 732 1264 2081 1392; baseline 0.004 -42"><span class='ocrx_word' id='word_1_41' title='bbox 732 1269 849 1351; x_wconf 74' lang='lat' dir='ltr'><strong>lium</strong></span> <span class='ocrx_word' id='word_1_42' title='bbox 839 1294 878 1348; x_wconf 71' lang='lat' dir='ltr'><strong>ao</strong></span> <span class='ocrx_word' id='word_1_43' title='bbox 832 1265 985 1350; x_wconf 88' lang='lat' dir='ltr'><strong>lCul</strong></span> <span class='ocrx_word' id='word_1_44' title='bbox 981 1292 1032 1374; x_wconf 80' lang='lat' dir='ltr'><strong>yx</strong></span> <span class='ocrx_word' id='word_1_45' title='bbox 1047 1267 1227 1378; x_wconf 85' lang='lat' dir='ltr'><strong>proprius</strong></span> <span class='ocrx_word' id='word_1_46' title='bbox 1255 1265 1308 1349; x_wconf 83' lang='lat' dir='ltr'><strong>stc</strong></span> <span class='ocrx_word' id='word_1_47' title='bbox 1323 1268 1572 1392; x_wconf 84' lang='lat' dir='ltr'><strong>proponitur,</strong></span> <span class='ocrx_word' id='word_1_48' title='bbox 1605 1264 1680 1348; x_wconf 88' lang='lat' dir='ltr'><strong>Cu</strong></span> <span class='ocrx_word' id='word_1_49' title='bbox 1667 1293 1726 1374; x_wconf 80' lang='lat' dir='ltr'><strong>yx</strong></span> <span class='ocrx_word' id='word_1_50' title='bbox 1770 1271 1920 1377; x_wconf 80' lang='lat' dir='ltr'><strong>roprius</strong></span> <span class='ocrx_word' id='word_1_51' title='bbox 1941 1275 1980 1354; x_wconf 83' lang='lat' dir='ltr'><strong>cl</strong></span> <span class='ocrx_word' id='word_1_52' title='bbox 1966 1271 2081 1381; x_wconf 80' lang='lat' dir='ltr'><strong>phy</strong></span> 
     </span>
     <span class='ocr_line' id='line_1_8' title="bbox 729 1283 2081 1488; baseline 0.004 -30"><span class='ocrx_word' id='word_1_53' title='bbox 729 1377 804 1479; x_wconf 81' lang='lat' dir='ltr'><strong>lut,</strong></span> <span class='ocrx_word' id='word_1_54' title='bbox 828 1372 970 1481; x_wconf 82' lang='lat' dir='ltr'><strong>fhliolis</strong></span> <span class='ocrx_word' id='word_1_55' title='bbox 996 1373 1226 1458; x_wconf 83' lang='lat' dir='ltr'><strong>luucuoluto-</strong></span> <span class='ocrx_word' id='word_1_56' title='bbox 1236 1374 1492 1475; x_wconf 82' lang='lat' dir='ltr'><strong>ucumiuuu&#39;s,</strong></span> <span class='ocrx_word' id='word_1_57' title='bbox 1523 1373 1691 1459; x_wconf 76' lang='lat' dir='ltr'><strong>minimis</strong></span> <span class='ocrx_word' id='word_1_58' title='bbox 1721 1283 1794 1486; x_wconf 53' lang='grc' dir='ltr'><strong>ἄ)</strong></span> <span class='ocrx_word' id='word_1_59' title='bbox 1812 1381 1979 1484; x_wconf 81' lang='lat' dir='ltr'><strong>germini</strong></span> <span class='ocrx_word' id='word_1_60' title='bbox 1997 1381 2081 1488; x_wconf 78' lang='lat' dir='ltr'><strong>iufi-</strong></span> 
     </span>
     <span class='ocr_line' id='line_1_9' title="bbox 733 1435 2083 1610; baseline 0.005 -42"><span class='ocrx_word' id='word_1_61' title='bbox 733 1487 909 1568; x_wconf 73' lang='lat' dir='ltr'><strong>dentulus</strong></span> <span class='ocrx_word' id='word_1_62' title='bbox 945 1480 998 1588; x_wconf 81' lang='lat' dir='ltr'><strong>(l</strong></span> <span class='ocrx_word' id='word_1_63' title='bbox 1002 1475 1027 1592; x_wconf 86' lang='lat'><em>)</em></span> <span class='ocrx_word' id='word_1_64' title='bbox 1058 1485 1152 1568; x_wconf 75' lang='lat' dir='ltr'><strong>Gau.</strong></span> <span class='ocrx_word' id='word_1_65' title='bbox 1161 1499 1264 1610; x_wconf 35' lang='grc' dir='ltr'><strong><em>..ρας</em></strong></span> <span class='ocrx_word' id='word_1_66' title='bbox 1294 1485 1388 1588; x_wconf 81' lang='grc'><strong>386.</strong></span> <span class='ocrx_word' id='word_1_67' title='bbox 1454 1435 1566 1566; x_wconf 90' lang='lat' dir='ltr'><strong>Idem</strong></span> <span class='ocrx_word' id='word_1_68' title='bbox 1596 1484 1713 1564; x_wconf 88' lang='lat' dir='ltr'><strong>etlam</strong></span> <span class='ocrx_word' id='word_1_69' title='bbox 1740 1485 1789 1566; x_wconf 91' lang='lat' dir='ltr'><strong>de</strong></span> <span class='ocrx_word' id='word_1_70' title='bbox 1820 1489 2083 1596; x_wconf 70' lang='lat' dir='ltr'><strong>Ardotidea·</strong></span> 
     </span>
     <span class='ocr_line' id='line_1_10' title="bbox 730 1591 2080 1718; baseline 0.006 -42"><span class='ocrx_word' id='word_1_71' title='bbox 730 1597 900 1699; x_wconf 89' lang='lat' dir='ltr'><strong>liisque</strong></span> <span class='ocrx_word' id='word_1_72' title='bbox 889 1595 1131 1698; x_wconf 80' lang='lat' dir='ltr'><strong>invenimus,</strong></span> <span class='ocrx_word' id='word_1_73' title='bbox 1159 1595 1214 1674; x_wconf 88' lang='lat' dir='ltr'><strong>ita</strong></span> <span class='ocrx_word' id='word_1_74' title='bbox 1241 1611 1287 1674; x_wconf 90' lang='lat' dir='ltr'><strong>ut</strong></span> <span class='ocrx_word' id='word_1_75' title='bbox 1316 1591 1509 1696; x_wconf 82' lang='lat' dir='ltr'><strong>ejusmodi</strong></span> <span class='ocrx_word' id='word_1_76' title='bbox 1539 1593 1760 1718; x_wconf 80' lang='lat' dir='ltr'><strong>Corontdae</strong></span> <span class='ocrx_word' id='word_1_77' title='bbox 1777 1591 1851 1701; x_wconf 92' lang='lat' dir='ltr'><strong>pro</strong></span> <span class='ocrx_word' id='word_1_78' title='bbox 1881 1595 2080 1705; x_wconf 82' lang='lat' dir='ltr'><strong>Calycilut</strong></span> 
     </span>
     <span class='ocr_line' id='line_1_11' title="bbox 722 1699 2081 1919; baseline 0.004 -26"><span class='ocrx_word' id='word_1_79' title='bbox 722 1699 1134 1919; x_wconf 42' lang='grc' dir='ltr'><strong>ῥᾜζτὲἑοξθὲιξῗὲξῗ</strong></span> <span class='ocrx_word' id='word_1_80' title='bbox 1147 1701 1382 1914; x_wconf 47' lang='lat' dir='ltr'><strong>AEpeffira</strong></span> <span class='ocrx_word' id='word_1_81' title='bbox 1410 1773 1568 1916; x_wconf 89' lang='lat' dir='ltr'><strong>quoque</strong></span> <span class='ocrx_word' id='word_1_82' title='bbox 1595 1829 1808 1914; x_wconf 83' lang='lat' dir='ltr'><strong>coronant,</strong></span> <span class='ocrx_word' id='word_1_83' title='bbox 1838 1813 1879 1897; x_wconf 76' lang='lat' dir='ltr'><strong>u</strong></span> <span class='ocrx_word' id='word_1_84' title='bbox 1909 1808 2081 1898; x_wconf 87' lang='lat' dir='ltr'><strong>flosculis</strong></span> 
     </span>
     <span class='ocr_line' id='line_1_12' title="bbox 731 1916 2081 2045; baseline 0.005 -46"><span class='ocrx_word' id='word_1_85' title='bbox 731 1939 807 2045; x_wconf 84' lang='lat' dir='ltr'><strong>pro</strong></span> <span class='ocrx_word' id='word_1_86' title='bbox 826 1920 1026 2028; x_wconf 88' lang='lat' dir='ltr'><strong>calycibus</strong></span> <span class='ocrx_word' id='word_1_87' title='bbox 1055 1916 1290 2020; x_wconf 91' lang='lat' dir='ltr'><strong>inserviunt,</strong></span> <span class='ocrx_word' id='word_1_88' title='bbox 1320 1943 1524 2024; x_wconf 89' lang='lat' dir='ltr'><strong>nunquam</strong></span> <span class='ocrx_word' id='word_1_89' title='bbox 1542 1919 1611 2003; x_wconf 92' lang='lat' dir='ltr'><strong>sub</strong></span> <span class='ocrx_word' id='word_1_90' title='bbox 1629 1925 1788 2004; x_wconf 90' lang='lat' dir='ltr'><strong>nomine</strong></span> <span class='ocrx_word' id='word_1_91' title='bbox 1810 1921 1977 2048; x_wconf 65' lang='lat' dir='ltr'><strong>captum</strong></span> <span class='ocrx_word' id='word_1_92' title='bbox 1987 1941 2081 2033; x_wconf 82' lang='lat' dir='ltr'><strong>pro·</strong></span> 
     </span>
     <span class='ocr_line' id='line_1_13' title="bbox 722 1979 2080 2138; baseline 0.008 -33"><span class='ocrx_word' id='word_1_93' title='bbox 722 2029 903 2138; x_wconf 82' lang='lat' dir='ltr'><strong>priorum</strong></span> <span class='ocrx_word' id='word_1_94' title='bbox 941 2031 982 2110; x_wconf 91' lang='lat' dir='ltr'><strong>in</strong></span> <span class='ocrx_word' id='word_1_95' title='bbox 1020 2027 1232 2111; x_wconf 81' lang='lat' dir='ltr'><strong>Generibus</strong></span> <span class='ocrx_word' id='word_1_96' title='bbox 1276 1979 1511 2112; x_wconf 61' lang='lat' dir='ltr'><strong>&#39;Plauturum</strong></span> <span class='ocrx_word' id='word_1_97' title='bbox 1548 2029 1809 2138; x_wconf 84' lang='lat' dir='ltr'><strong>descriptos</strong></span> <span class='ocrx_word' id='word_1_98' title='bbox 1797 2032 1967 2137; x_wconf 87' lang='lat' dir='ltr'><strong>mveni,</strong></span> <span class='ocrx_word' id='word_1_99' title='bbox 2014 2028 2080 2116; x_wconf 90' lang='lat' dir='ltr'><strong>sed</strong></span> 
     </span>
     <span class='ocr_line' id='line_1_14' title="bbox 731 2133 1906 2246; baseline 0.003 -27"><span class='ocrx_word' id='word_1_100' title='bbox 731 2133 909 2241; x_wconf 81' lang='lat' dir='ltr'><strong>semper·</strong></span> <span class='ocrx_word' id='word_1_101' title='bbox 900 2133 1016 2220; x_wconf 86' lang='lat' dir='ltr'><strong>de</strong></span> <span class='ocrx_word' id='word_1_102' title='bbox 992 2161 1036 2219; x_wconf 88' lang='lat' dir='ltr'><strong>us</strong></span> <span class='ocrx_word' id='word_1_103' title='bbox 1063 2135 1104 2218; x_wconf 88' lang='lat' dir='ltr'><strong>in</strong></span> <span class='ocrx_word' id='word_1_104' title='bbox 1128 2135 1389 2246; x_wconf 87' lang='lat' dir='ltr'><strong>descriptione</strong></span> <span class='ocrx_word' id='word_1_105' title='bbox 1421 2135 1575 2222; x_wconf 89' lang='lat' dir='ltr'><strong>seminis</strong></span> <span class='ocrx_word' id='word_1_106' title='bbox 1600 2137 1647 2222; x_wconf 92' lang='lat' dir='ltr'><strong>fit</strong></span> <span class='ocrx_word' id='word_1_107' title='bbox 1670 2142 1829 2224; x_wconf 90' lang='lat' dir='ltr'><strong>mentio.</strong></span> <span class='ocrx_word' id='word_1_108' title='bbox 1903 2177 1906 2184; x_wconf 92' lang='grc'><strong><em>·</em></strong></span> 
     </span>
    </p>

    <p class='ocr_par' dir='ltr' id='par_1_4' title="bbox 728 2245 2079 3008">
     <span class='ocr_line' id='line_1_15' title="bbox 746 2245 2079 2436; baseline 0.003 -108.125"><span class='ocrx_word' id='word_1_109' title='bbox 746 2246 958 2354; x_wconf 84' lang='lat' dir='ltr'><strong>Pappum</strong></span> <span class='ocrx_word' id='word_1_110' title='bbox 994 2265 1127 2328; x_wconf 85' lang='lat' dir='ltr'><strong>tamen</strong></span> <span class='ocrx_word' id='word_1_111' title='bbox 1160 2269 1300 2327; x_wconf 86' lang='lat' dir='ltr'><strong>verum</strong></span> <span class='ocrx_word' id='word_1_112' title='bbox 1338 2246 1545 2353; x_wconf 66' lang='lat' dir='ltr'><strong>culpculum</strong></span> <span class='ocrx_word' id='word_1_113' title='bbox 1556 2249 1769 2436; x_wconf 60' lang='lat' dir='ltr'><strong>fproprium</strong></span> <span class='ocrx_word' id='word_1_114' title='bbox 1805 2245 1883 2331; x_wconf 85' lang='lat' dir='ltr'><strong>elle</strong></span> <span class='ocrx_word' id='word_1_115' title='bbox 1914 2246 2079 2376; x_wconf 83' lang='lat' dir='ltr'><strong>demon·</strong></span> 
     </span>
     <span class='ocr_line' id='line_1_16' title="bbox 729 2351 2078 2464; baseline 0.002 -26"><span class='ocrx_word' id='word_1_116' title='bbox 729 2351 823 2438; x_wconf 81' lang='lat' dir='ltr'><strong>strat</strong></span> <span class='ocrx_word' id='word_1_117' title='bbox 850 2353 974 2452; x_wconf 87' lang='lat' dir='ltr'><strong>usus,·</strong></span> <span class='ocrx_word' id='word_1_118' title='bbox 1010 2377 1100 2436; x_wconf 84' lang='lat' dir='ltr'><strong>narn</strong></span> <span class='ocrx_word' id='word_1_119' title='bbox 1128 2355 1197 2436; x_wconf 91' lang='lat' dir='ltr'><strong>illo</strong></span> <span class='ocrx_word' id='word_1_120' title='bbox 1227 2373 1427 2459; x_wconf 89' lang='lat' dir='ltr'><strong>tempore,</strong></span> <span class='ocrx_word' id='word_1_121' title='bbox 1457 2379 1537 2459; x_wconf 93' lang='lat' dir='ltr'><strong>quo</strong></span> <span class='ocrx_word' id='word_1_122' title='bbox 1586 2360 1743 2438; x_wconf 87' lang='lat' dir='ltr'><strong>osculus</strong></span> <span class='ocrx_word' id='word_1_123' title='bbox 1767 2357 1939 2440; x_wconf 88' lang='lat' dir='ltr'><strong>florescit</strong></span> <span class='ocrx_word' id='word_1_124' title='bbox 1950 2357 2078 2464; x_wconf 87' lang='lat' dir='ltr'><strong>,ejus</strong></span> 
     </span>
     <span class='ocr_line' id='line_1_17' title="bbox 731 2459 2079 2574; baseline 0.004 -29"><span class='ocrx_word' id='word_1_125' title='bbox 731 2461 949 2572; x_wconf 90' lang='lat' dir='ltr'><strong>tubus(m</strong></span> <span class='ocrx_word' id='word_1_126' title='bbox 911 2459 984 2570; x_wconf 90' lang='lat' dir='ltr'><strong>m)</strong></span> <span class='ocrx_word' id='word_1_127' title='bbox 1019 2487 1151 2570; x_wconf 92' lang='lat' dir='ltr'><strong>pappo</strong></span> <span class='ocrx_word' id='word_1_128' title='bbox 1189 2463 1250 2574; x_wconf 84' lang='lat' dir='ltr'><strong>(u</strong></span> <span class='ocrx_word' id='word_1_129' title='bbox 1224 2459 1285 2570; x_wconf 86' lang='lat' dir='ltr'><strong>u)</strong></span> <span class='ocrx_word' id='word_1_130' title='bbox 1320 2465 1556 2562; x_wconf 89' lang='lat' dir='ltr'><strong>involvitur,</strong></span> <span class='ocrx_word' id='word_1_131' title='bbox 1594 2467 1661 2567; x_wconf 91' lang='lat' dir='ltr'><strong>qui</strong></span> <span class='ocrx_word' id='word_1_132' title='bbox 1686 2488 1865 2570; x_wconf 86' lang='lat' dir='ltr'><strong>pappus,</strong></span> <span class='ocrx_word' id='word_1_133' title='bbox 1894 2469 2079 2572; x_wconf 89' lang='lat' dir='ltr'><strong>quamdiu</strong></span> 
     </span>
     <span class='ocr_line' id='line_1_18' title="bbox 731 2573 2076 2677; baseline 0.004 -24"><span class='ocrx_word' id='word_1_134' title='bbox 731 2573 781 2654; x_wconf 87' lang='lat' dir='ltr'><strong>ad</strong></span> <span class='ocrx_word' id='word_1_135' title='bbox 810 2575 1072 2655; x_wconf 79' lang='lat' dir='ltr'><strong>maturitatem</strong></span> <span class='ocrx_word' id='word_1_136' title='bbox 1106 2596 1190 2654; x_wconf 87' lang='lat' dir='ltr'><strong>non</strong></span> <span class='ocrx_word' id='word_1_137' title='bbox 1219 2575 1434 2676; x_wconf 87' lang='lat' dir='ltr'><strong>pervenit,</strong></span> <span class='ocrx_word' id='word_1_138' title='bbox 1470 2575 1568 2654; x_wconf 90' lang='lat' dir='ltr'><strong>tubo</strong></span> <span class='ocrx_word' id='word_1_139' title='bbox 1609 2573 1877 2659; x_wconf 88' lang='lat' dir='ltr'><strong>circumclusus</strong></span> <span class='ocrx_word' id='word_1_140' title='bbox 1915 2595 2076 2677; x_wconf 87' lang='lat' dir='ltr'><strong>manet,</strong></span> 
     </span>
     <span class='ocr_line' id='line_1_19' title="bbox 728 2677 2074 2797; baseline 0.005 -35"><span class='ocrx_word' id='word_1_141' title='bbox 728 2680 857 2762; x_wconf 85' lang='lat' dir='ltr'><strong>donec</strong></span> <span class='ocrx_word' id='word_1_142' title='bbox 890 2679 1078 2764; x_wconf 88' lang='lat' dir='ltr'><strong>flosculus</strong></span> <span class='ocrx_word' id='word_1_143' title='bbox 1112 2679 1249 2764; x_wconf 74' lang='lat' dir='ltr'><strong>sensim</strong></span> <span class='ocrx_word' id='word_1_144' title='bbox 1278 2704 1328 2763; x_wconf 88' lang='lat' dir='ltr'><strong>ex</strong></span> <span class='ocrx_word' id='word_1_145' title='bbox 1357 2705 1492 2788; x_wconf 89' lang='lat' dir='ltr'><strong>pappo</strong></span> <span class='ocrx_word' id='word_1_146' title='bbox 1520 2677 1676 2788; x_wconf 87' lang='lat' dir='ltr'><strong>surgens</strong></span> <span class='ocrx_word' id='word_1_147' title='bbox 1705 2701 1916 2768; x_wconf 83' lang='lat' dir='ltr'><strong>marcescat</strong></span> <span class='ocrx_word' id='word_1_148' title='bbox 1945 2686 1999 2797; x_wconf 85' lang='lat' dir='ltr'><strong>(o</strong></span> <span class='ocrx_word' id='word_1_149' title='bbox 1980 2683 2074 2792; x_wconf 86' lang='lat' dir='ltr'><strong>o);</strong></span> 
     </span>
     <span class='ocr_line' id='line_1_20' title="bbox 729 2788 2076 2904; baseline 0.007 -35"><span class='ocrx_word' id='word_1_150' title='bbox 729 2805 827 2869; x_wconf 90' lang='lat' dir='ltr'><strong>tunc</strong></span> <span class='ocrx_word' id='word_1_151' title='bbox 853 2791 957 2870; x_wconf 88' lang='lat' dir='ltr'><strong>enim</strong></span> <span class='ocrx_word' id='word_1_152' title='bbox 983 2789 1156 2899; x_wconf 78' lang='lat' dir='ltr'><strong>Pupput,</strong></span> <span class='ocrx_word' id='word_1_153' title='bbox 1183 2792 1315 2894; x_wconf 92' lang='lat' dir='ltr'><strong>qui</strong></span> <span class='ocrx_word' id='word_1_154' title='bbox 1276 2793 1392 2896; x_wconf 86' lang='lat' dir='ltr'><strong>paulo</strong></span> <span class='ocrx_word' id='word_1_155' title='bbox 1420 2809 1510 2872; x_wconf 89' lang='lat' dir='ltr'><strong>ante</strong></span> <span class='ocrx_word' id='word_1_156' title='bbox 1537 2788 1642 2872; x_wconf 86' lang='lat' dir='ltr'><strong>floris</strong></span> <span class='ocrx_word' id='word_1_157' title='bbox 1673 2794 1769 2872; x_wconf 86' lang='lat' dir='ltr'><strong>calix</strong></span> <span class='ocrx_word' id='word_1_158' title='bbox 1795 2815 1902 2899; x_wconf 86' lang='lat' dir='ltr'><strong>erat,</strong></span> <span class='ocrx_word' id='word_1_159' title='bbox 1931 2817 2076 2904; x_wconf 85' lang='lat' dir='ltr'><strong>expan-</strong></span> 
     </span>
     <span class='ocr_line' id='line_1_21' title="bbox 728 2893 1775 3008; baseline 0.001 -28"><span class='ocrx_word' id='word_1_160' title='bbox 728 2895 854 3001; x_wconf 77' lang='lat' dir='ltr'><strong>dtur,</strong></span> <span class='ocrx_word' id='word_1_161' title='bbox 885 2899 924 2982; x_wconf 89' lang='lat'>&amp;</span> <span class='ocrx_word' id='word_1_162' title='bbox 951 2895 1082 2980; x_wconf 87' lang='lat' dir='ltr'><strong>semini</strong></span> <span class='ocrx_word' id='word_1_163' title='bbox 1110 2893 1202 3008; x_wconf 87' lang='lat' dir='ltr'><strong>(p)</strong></span> <span class='ocrx_word' id='word_1_164' title='bbox 1230 2915 1413 3001; x_wconf 86' lang='lat' dir='ltr'><strong>tanquam</strong></span> <span class='ocrx_word' id='word_1_165' title='bbox 1440 2921 1582 2979; x_wconf 89' lang='lat' dir='ltr'><strong>corona</strong></span> <span class='ocrx_word' id='word_1_166' title='bbox 1609 2895 1775 2982; x_wconf 88' lang='lat' dir='ltr'><strong>inservit.</strong></span> 
     </span>
    </p>

    <p class='ocr_par' dir='ltr' id='par_1_5' title="bbox 718 3004 2077 3552">
     <span class='ocr_line' id='line_1_22' title="bbox 786 3004 2077 3120; baseline 0.008 -34"><span class='ocrx_word' id='word_1_167' title='bbox 786 3005 991 3112; x_wconf 81' lang='lat' dir='ltr'><strong>Ejusmodi</strong></span> <span class='ocrx_word' id='word_1_168' title='bbox 1021 3031 1114 3117; x_wconf 84' lang='lat' dir='ltr'><strong>ergo</strong></span> <span class='ocrx_word' id='word_1_169' title='bbox 1141 3008 1293 3115; x_wconf 84' lang='lat' dir='ltr'><strong>pappi,</strong></span> <span class='ocrx_word' id='word_1_170' title='bbox 1330 3007 1424 3088; x_wconf 91' lang='lat' dir='ltr'><strong>dum</strong></span> <span class='ocrx_word' id='word_1_171' title='bbox 1452 3005 1606 3088; x_wconf 89' lang='lat' dir='ltr'><strong>flosculi</strong></span> <span class='ocrx_word' id='word_1_172' title='bbox 1633 3004 1802 3111; x_wconf 91' lang='lat' dir='ltr'><strong>adsunt,</strong></span> <span class='ocrx_word' id='word_1_173' title='bbox 1831 3032 1966 3092; x_wconf 91' lang='lat' dir='ltr'><strong>corum</strong></span> <span class='ocrx_word' id='word_1_174' title='bbox 1985 3026 2077 3120; x_wconf 82' lang='lat' dir='ltr'><strong>pro-</strong></span> 
     </span>
     <span class='ocr_line' id='line_1_23' title="bbox 718 3112 2076 3226; baseline 0.004 -29"><span class='ocrx_word' id='word_1_175' title='bbox 718 3115 906 3226; x_wconf 83' lang='lat' dir='ltr'><strong>priostu</strong></span> <span class='ocrx_word' id='word_1_176' title='bbox 861 3115 994 3202; x_wconf 81' lang='lat' dir='ltr'><strong>culices</strong></span> <span class='ocrx_word' id='word_1_177' title='bbox 1021 3113 1290 3214; x_wconf 72' lang='lat' dir='ltr'><strong>constituunt,</strong></span> <span class='ocrx_word' id='word_1_178' title='bbox 1317 3112 1534 3196; x_wconf 90' lang='lat' dir='ltr'><strong>absentibus</strong></span> <span class='ocrx_word' id='word_1_179' title='bbox 1564 3132 1696 3196; x_wconf 89' lang='lat' dir='ltr'><strong>autem</strong></span> <span class='ocrx_word' id='word_1_180' title='bbox 1723 3115 1919 3220; x_wconf 86' lang='lat' dir='ltr'><strong>flosculis,</strong></span> <span class='ocrx_word' id='word_1_181' title='bbox 1951 3143 2076 3224; x_wconf 90' lang='lat' dir='ltr'><strong>quum</strong></span> 
     </span>
     <span class='ocr_line' id='line_1_24' title="bbox 726 3222 2076 3332; baseline 0.003 -28"><span class='ocrx_word' id='word_1_182' title='bbox 726 3222 870 3306; x_wconf 82' lang='lat' dir='ltr'><strong>semina</strong></span> <span class='ocrx_word' id='word_1_183' title='bbox 890 3227 1163 3329; x_wconf 87' lang='lat' dir='ltr'><strong>provenerint,</strong></span> <span class='ocrx_word' id='word_1_184' title='bbox 1193 3227 1396 3306; x_wconf 90' lang='lat' dir='ltr'><strong>coronulas</strong></span> <span class='ocrx_word' id='word_1_185' title='bbox 1414 3223 1610 3324; x_wconf 88' lang='lat' dir='ltr'><strong>efficiunt,</strong></span> <span class='ocrx_word' id='word_1_186' title='bbox 1638 3227 1761 3329; x_wconf 91' lang='lat' dir='ltr'><strong>iisque</strong></span> <span class='ocrx_word' id='word_1_187' title='bbox 1782 3245 1964 3332; x_wconf 86' lang='lat' dir='ltr'><strong>tanquam</strong></span> <span class='ocrx_word' id='word_1_188' title='bbox 1984 3251 2076 3310; x_wconf 89' lang='lat' dir='ltr'><strong>ves-</strong></span> 
     </span>
     <span class='ocr_line' id='line_1_25' title="bbox 727 3329 2074 3442; baseline 0.004 -28"><span class='ocrx_word' id='word_1_189' title='bbox 727 3337 875 3442; x_wconf 85' lang='lat' dir='ltr'><strong>tigiap</strong></span> <span class='ocrx_word' id='word_1_190' title='bbox 876 3333 1025 3416; x_wconf 76' lang='lat' dir='ltr'><strong>etesiae</strong></span> <span class='ocrx_word' id='word_1_191' title='bbox 1049 3329 1361 3416; x_wconf 73' lang='lat' dir='ltr'><strong>fructificationis</strong></span> <span class='ocrx_word' id='word_1_192' title='bbox 1391 3331 1625 3436; x_wconf 86' lang='lat' dir='ltr'><strong>adhaerent,</strong></span> <span class='ocrx_word' id='word_1_193' title='bbox 1664 3337 1823 3438; x_wconf 90' lang='lat' dir='ltr'><strong>quade</strong></span> <span class='ocrx_word' id='word_1_194' title='bbox 1863 3360 1905 3418; x_wconf 87' lang='lat' dir='ltr'><strong>re</strong></span> <span class='ocrx_word' id='word_1_195' title='bbox 1943 3356 2074 3420; x_wconf 90' lang='lat' dir='ltr'><strong>tamen</strong></span> 
     </span>
     <span class='ocr_line' id='line_1_26' title="bbox 727 3440 1360 3552; baseline -0.005 -27"><span class='ocrx_word' id='word_1_196' title='bbox 727 3441 861 3552; x_wconf 85' lang='lat' dir='ltr'><strong>postea</strong></span> <span class='ocrx_word' id='word_1_197' title='bbox 889 3443 1040 3550; x_wconf 83' lang='lat' dir='ltr'><strong>plenius</strong></span> <span class='ocrx_word' id='word_1_198' title='bbox 1067 3441 1190 3524; x_wconf 75' lang='lat' dir='ltr'><strong>aeluri</strong></span> <span class='ocrx_word' id='word_1_199' title='bbox 1217 3440 1360 3523; x_wconf 90' lang='lat' dir='ltr'><strong>sumus.</strong></span> 
     </span>
    </p>

    <p class='ocr_par' dir='ltr' id='par_1_6' title="bbox 714 3544 2072 3962">
     <span class='ocr_line' id='line_1_27' title="bbox 783 3544 2072 3660; baseline 0.002 -28"><span class='ocrx_word' id='word_1_200' title='bbox 783 3551 830 3632; x_wconf 94' lang='lat' dir='ltr'><strong>ln</strong></span> <span class='ocrx_word' id='word_1_201' title='bbox 858 3555 1104 3657; x_wconf 85' lang='lat' dir='ltr'><strong>exemplum,</strong></span> <span class='ocrx_word' id='word_1_202' title='bbox 1133 3575 1214 3654; x_wconf 94' lang='lat' dir='ltr'><strong>quo</strong></span> <span class='ocrx_word' id='word_1_203' title='bbox 1243 3544 1569 3652; x_wconf 66' lang='lat' dir='ltr'><strong>diminutum,</strong></span> <span class='ocrx_word' id='word_1_204' title='bbox 1598 3575 1780 3660; x_wconf 92' lang='lat' dir='ltr'><strong>propono</strong></span> <span class='ocrx_word' id='word_1_205' title='bbox 1810 3552 2007 3637; x_wconf 81' lang='lat' dir='ltr'><strong>Carduum</strong></span> <span class='ocrx_word' id='word_1_206' title='bbox 2030 3579 2072 3637; x_wconf 88' lang='lat' dir='ltr'><strong>r.</strong></span> 
     </span>
     <span class='ocr_line' id='line_1_28' title="bbox 714 3657 2073 3772; baseline -0.004 -22"><span class='ocrx_word' id='word_1_207' title='bbox 714 3657 825 3769; x_wconf 71' lang='lat' dir='ltr'><strong>Ray.</strong></span> <span class='ocrx_word' id='word_1_208' title='bbox 843 3663 961 3772; x_wconf 54' lang='lat' dir='ltr'><strong>puuod</strong></span> <span class='ocrx_word' id='word_1_209' title='bbox 984 3677 1074 3770; x_wconf 84' lang='lat' dir='ltr'><strong>pug.</strong></span> <span class='ocrx_word' id='word_1_210' title='bbox 1101 3683 1189 3762; x_wconf 85' lang='lat'><strong>13¹</strong></span> <span class='ocrx_word' id='word_1_211' title='bbox 1220 3657 1395 3741; x_wconf 86' lang='lat' dir='ltr'><strong>Germen</strong></span> <span class='ocrx_word' id='word_1_212' title='bbox 1424 3657 1497 3768; x_wconf 84' lang='lat' dir='ltr'><strong>(q)</strong></span> <span class='ocrx_word' id='word_1_213' title='bbox 1525 3659 1641 3764; x_wconf 87' lang='lat' dir='ltr'><strong>hujus</strong></span> <span class='ocrx_word' id='word_1_214' title='bbox 1655 3665 1807 3764; x_wconf 88' lang='lat' dir='ltr'><strong>plantae</strong></span> <span class='ocrx_word' id='word_1_215' title='bbox 1824 3660 1880 3744; x_wconf 89' lang='lat' dir='ltr'><strong>est</strong></span> <span class='ocrx_word' id='word_1_216' title='bbox 1896 3663 2073 3747; x_wconf 90' lang='lat' dir='ltr'><strong>cordato·</strong></span> 
     </span>
     <span class='ocr_line' id='line_1_29' title="bbox 721 3767 2071 3962; baseline 0 -109"><span class='ocrx_word' id='word_1_217' title='bbox 721 3791 925 3875; x_wconf 83' lang='lat' dir='ltr'><strong>ovatum,</strong></span> <span class='ocrx_word' id='word_1_218' title='bbox 963 3771 1073 3856; x_wconf 86' lang='lat' dir='ltr'><strong>&amp;iu</strong></span> <span class='ocrx_word' id='word_1_219' title='bbox 1102 3771 1211 3875; x_wconf 88' lang='lat' dir='ltr'><strong>apice</strong></span> <span class='ocrx_word' id='word_1_220' title='bbox 1254 3775 1525 3916; x_wconf 84' lang='lat' dir='ltr'><strong>corpusculum</strong></span> <span class='ocrx_word' id='word_1_221' title='bbox 1559 3767 1857 3877; x_wconf 85' lang='lat' dir='ltr'><strong>globosumr</strong></span> <span class='ocrx_word' id='word_1_222' title='bbox 1799 3770 1857 3881; x_wconf 87' lang='lat' dir='ltr'><strong>(r</strong></span> <span class='ocrx_word' id='word_1_223' title='bbox 1866 3769 1891 3882; x_wconf 89' lang='lat'><em>)</em></span> <span class='ocrx_word' id='word_1_224' title='bbox 1930 3772 2071 3962; x_wconf 86' lang='lat' dir='ltr'><strong>habetd</strong></span> 
     </span>
    </p>

    <p class='ocr_par' dir='ltr' id='par_1_7' title="bbox 1958 3903 2037 3985">
     <span class='ocr_line' id='line_1_30' title="bbox 1958 3903 2037 3985; baseline 0.025 -23"><span class='ocrx_word' id='word_1_225' title='bbox 1958 3903 2037 3985; x_wconf 91' lang='lat' dir='ltr'><strong>quo</strong></span> 
     </span>
    </p>
   </div>
   <div class='ocr_carea' id='block_1_3' title="bbox 0 0 2402 6152">
    <p class='ocr_par' dir='ltr' id='par_1_8' title="bbox 0 0 2402 6152">
     <span class='ocr_line' id='line_1_31' title="bbox 0 0 2402 6152; baseline 0 0"><span class='ocrx_word' id='word_1_226' title='bbox 0 0 2402 6152; x_wconf 95' lang='lat' dir='ltr'><strong> </strong></span> 
     </span>
    </p>
   </div>
  </div>
 </body>
</html>
