4794 6156
663 536 723 644 'cd
828 525 916 616 'DE
946 507 1182 608 COROLL.
1208 513 1370 606 Pane.
1398 511 1855 608 MONOP.·TUBUL.

677 715 827 806 'Hanc
851 715 1046 798 sufficiunt
1072 711 1120 794 ad
1148 707 1392 791 formandam
1416 711 1630 814 generalem
1660 707 1829 792 Corallae
1843 709 2021 816 proprian

678 831 857 926 Idaeam,
886 848 985 929 quae
1013 827 1131 928 magis
1158 820 1274 898 etiam
1303 817 1505 923 perspicua
1524 819 1707 901 reddetur
1735 822 1775 898 in
1794 819 1905 898 variis
1924 816 2023 920 ejus·

676 939 784 1020 nrodi
817 935 995 1016 Corollae
1022 930 1223 1032 speciebus
1254 925 1514 1032 inquirendis,
1545 923 1588 1008 δι
1618 927 1778 1030 quidem
1806 929 1846 1006 in
1875 927 2024 1026 tribus,

681 1071 783 1150 quae
813 1043 1001 1149 generalia
1030 1037 1275 1118 Corollnrum
1301 1035 1542 1140 propriarum
1574 1033 1785 1117 discrimina
1813 1029 2023 1113 monstran-

680 1173 741 1236 tes
768 1149 1038 1244 recensentur,
1068 1163 1308 1248 quarumque
1336 1145 1459 1248 prima
1482 1141 1562 1248 jam
1591 1130 1764 1252 sequitur
1792 1141 2026 1250 cognomine

674 1259 852 1369 tubulasa
881 1258 951 1342 seu
977 1257 1164 1338 tabulata.

717 1523 2017 1624 ΦὯΦὯὮὮἯἯΨᾯὯἫΩὮ

722 1727 1996 1884 caeuToactMum.

899 2069 965 2154 De
1001 2066 1153 2153 Corolia
1179 2067 1348 2190 propria
1382 2063 1838 2186 manaapetalu·tubulasa-.
1937 2071 1942 2084 '

795 2360 934 2470 ululofi
956 2357 1139 2461 flosculi,
1176 2359 1337 2442 eosdem
1368 2357 1640 2458 constituunt,
1680 2363 1748 2465 qui
1778 2385 1800 2444 a
1831 2359 2037 2450 TOUR·

686 2487 710 2529 ··'
822 2469 957 2556 NEF
968 2468 1105 2550 ORT
1132 2467 1316 2551 dicuntur
1344 2465 1535 2578 flasculafi
1550 2529 1564 2571 ,
1605 2473 1646 2553 δι
1687 2469 1899 2554 secundum
1941 2499 2033 2556 eum

691 2584 907 2668 Audiorem
936 2577 1022 2662 sunt
1051 2577 1184 2660 Patala
1205 2574 1372 2684 fistulosa
1392 2583 1544 2682 tenuia,
1573 2602 1735 2684 quorum
1752 2574 1928 2688 mprama
1939 2599 2035 2692 pars

691 2691 933 2800 ampliatur,
972 2684 1255 2812 multifariam,
1275 2687 1430 2795 stamius
1460 2701 1645 2794 tanquam
1667 2683 1773 2791 stella
1796 2688 1929 2814 'divisa
1945 2687 2035 2798 Iasi.

692 2799 745 2882 R.
771 2797 820 2878 H.
832 2812 922 2900 pag.
942 2819 1034 2897 74.,·
1059 2795 1100 2874 td
1120 2794 1230 2898 quod
1263 2799 1311 2876 ab
1339 2794 1510 2876 nudiore
1537 2791 1671 2876 nostro
1699 2798 1864 2879 brevrter
1889 2823 2034 2902 propo-

538 2977 541 2986 .
692 2908 795 2989 nitur
813 2905 871 2985 his
897 2904 1044 2983 verbis:
1073 2900 1239 2982 tabulati
1258 2903 1368 2983 limbo
1399 2901 1658 3009 campanulum
1689 2901 1946 3012 quinquefida,
1978 2906 2034 2987 ln·

690 3015 802 3097 ciniis
822 3007 989 3122 reflato·
1008 3009 1241 3118 patentibus.
1268 3009 1333 3092 Ex
1357 3009 1415 3090 his
1433 3011 1524 3091 nihii
1542 3009 1647 3090 aliud
1665 3010 1729 3092 hic
1756 3011 2035 3115 exponendum

690 3122 829 3226 datur,
857 3142 972 3224 quarn
993 3118 1087 3224 quid
1108 3116 1156 3198 sat
1173 3115 1310 3201 limbus
1330 3141 1421 3228 cum
1440 3115 1513 3200 suis
1531 3115 1706 3218 laciniis,·
1731 3115 1913 3224 superiori
1930 3125 2035 3204 enim

693 3231 836 3337 Capite
858 3227 937 3331 jam
966 3227 1016 3310 de
1041 3225 1154 3331 tuba,
1193 3221 1351 3330 ejusque
1382 3223 1505 3332 figura
1533 3229 1573 3311 dt
1601 3225 1818 3332 positione,
1847 3251 1947 3334 quae
1975 3233 2033 3314 in'·

687 3343 818 3450 primis
845 3336 1099 3417 examinanda
1125 3353 1261 3434 erant,
1290 3332 1460 3418 trattati.
1690 3349 1699 3359 “
1904 3430 1908 3437 ,

743 3445 904 3529 Limbus
931 3465 1062 3526 revera
1090 3443 1183 3525 illud
1212 3439 1300 3547 est,
1341 3465 1424 3546 quo
1462 3437 1618 3525 flosculi
1656 3443 1816 3554 tubulnfi
1850 3448 2033 3556 aligalu-

692 3557 743 3640 n's
771 3550 1076 3660 distinguuntur3
1106 3552 1213 3656 quod
1243 3554 1380 3634 attinet
1407 3548 1600 3657 figuram,
1627 3553 1778 3642 Audon
1796 3554 1925 3640 noster
1942 3581 2033 3642 eum

690 3661 865 3750 describit
903 3659 1247 3772 campanulatum,
1295 3658 1576 3767 quinquni'dum
1615 3659 1766 3748 laciniis
1802 3665 2035 3776 reflexa-pu·

687 3774 867 3860 tentibus.
1499 3842 1501 3846 .
1659 3809 1663 3818 *
1736 3801 1738 3808 ·

744 3881 890 3980 Ratio,
919 3901 990 3961 cur
1017 3879 1299 3988 campanulatus
1320 3871 1469 3960 dicatur
1495 3898 1547 3959 ex
1565 3875 1646 3984 ipsa
1664 3877 1751 3962 fluit
1770 3881 1915 3991 figura:
1944 3909 2037 3970 nam

686 3987 880 4088 Limbus,
929 4007 1068 4092 utpote
1098 4004 1197 4096 pars
1227 3987 1310 4068 trabi
1353 3986 1541 4090 ampliata
1576 3985 1772 4070 LINN.
1809 3989 1913 4082 Phil.
1949 3995 2039 4079 But.

677 4105 774 4206 pag.
796 4119 881 4199 52..
910 4095 1007 4178 dum
1031 4093 1070 4176 se
1099 4097 1287 4202 ampliat,
1315 4096 1548 4200 pierumque
1574 4093 1863 4182 fimilitudinem
1901 4106 2036 4212 recipit

690 4206 970 4306 campanulae,
998 4224 1097 4308 quae
1125 4202 1155 4283 s1
1182 4205 1223 4289 in
1253 4205 1334 4286 aliis
1361 4205 1450 4306 plus
1476 4205 1603 4284 minus
1633 4203 1845 4313 discrepat,
1872 4214 1913 4299 in
1938 4210 2037 4324 figu-

682 4333 769 4398 ram
789 4307 1021 4418 infundibuli
1053 4312 1118 4393 vel
1138 4311 1292 4419 laganae
1318 4309 1554 4416 ventricosaa
1573 4313 1705 4396 abiens
1725 4320 1915 4404 uariarum
1939 4345 2036 4430 quo·

681 4411 766 4530 {que
803 4422 1195 4530 cognominationum
1249 4417 1417 4506 causi-un
1466 4423 1642 4532 praebet·
1680 4445 1745 4508 ex.
1773 4448 1828 4535 gt.
1897 4429 1944 4512 In
1975 4429 2041 4538 filo

1947 4539 2046 4646 plia
