<?xml version="1.0" encoding="UTF-8"?>
<!DOCTYPE html PUBLIC "-//W3C//DTD XHTML 1.0 Transitional//EN"
    "http://www.w3.org/TR/xhtml1/DTD/xhtml1-transitional.dtd">
<html xmlns="http://www.w3.org/1999/xhtml" xml:lang="en" lang="en">
 <head>
  <title>
</title>
<meta http-equiv="Content-Type" content="text/html;charset=utf-8" />
  <meta name='ocr-system' content='tesseract 3.04.00' />
  <meta name='ocr-capabilities' content='ocr_page ocr_carea ocr_par ocr_line ocrx_word'/>
</head>
<body>
  <div class='ocr_page' id='page_1' title='image "./expositiocharac00berkgoog_0157.png"; bbox 0 0 4802 6164; ppageno 0'>
   <div class='ocr_carea' id='block_1_1' title="bbox 681 510 1766 614">
    <p class='ocr_par' dir='ltr' id='par_1_1' title="bbox 681 510 1766 614">
     <span class='ocr_line' id='line_1_1' title="bbox 681 510 1766 614; baseline 0.004 -4"><span class='ocrx_word' id='word_1_1' title='bbox 681 523 760 614; x_wconf 83' lang='lat'><strong>116</strong></span> <span class='ocrx_word' id='word_1_2' title='bbox 935 513 1019 603; x_wconf 85' lang='lat' dir='ltr'><strong>DE</strong></span> <span class='ocrx_word' id='word_1_3' title='bbox 1047 510 1455 602; x_wconf 75' lang='lat' dir='ltr'><em>RECEPTACULO</em></span> <span class='ocrx_word' id='word_1_4' title='bbox 1484 515 1766 614; x_wconf 69' lang='lat' dir='ltr'><strong>uolantum.</strong></span> 
     </span>
    </p>
   </div>
   <div class='ocr_carea' id='block_1_2' title="bbox 368 668 2096 846">
    <p class='ocr_par' dir='ltr' id='par_1_2' title="bbox 368 668 2096 846">
     <span class='ocr_line' id='line_1_2' title="bbox 368 668 2096 846; baseline 0.083 -163"><span class='ocrx_word' id='word_1_5' title='bbox 368 668 376 683; x_wconf 92' lang='lat'><strong>.</strong></span> <span class='ocrx_word' id='word_1_6' title='bbox 469 679 470 682; x_wconf 16' lang='lat' dir='ltr'><strong>a</strong></span> <span class='ocrx_word' id='word_1_7' title='bbox 533 693 535 697; x_wconf 95' lang='lat'>.</span> <span class='ocrx_word' id='word_1_8' title='bbox 680 734 768 818; x_wconf 54' lang='lat' dir='ltr'><strong>ms,</strong></span> <span class='ocrx_word' id='word_1_9' title='bbox 795 709 977 818; x_wconf 60' lang='lat' dir='ltr'><strong>inpfimis.</strong></span> <span class='ocrx_word' id='word_1_10' title='bbox 994 706 1258 792; x_wconf 61' lang='lat' dir='ltr'><strong>attribuuntur</strong></span> <span class='ocrx_word' id='word_1_11' title='bbox 1287 707 1361 790; x_wconf 91' lang='lat' dir='ltr'><strong>hae</strong></span> <span class='ocrx_word' id='word_1_12' title='bbox 1391 705 1565 818; x_wconf 78' lang='lat' dir='ltr'><strong>figurae3</strong></span> <span class='ocrx_word' id='word_1_13' title='bbox 1596 719 1704 819; x_wconf 90' lang='lat' dir='ltr'><strong>quod</strong></span> <span class='ocrx_word' id='word_1_14' title='bbox 1734 717 1781 803; x_wconf 89' lang='lat' dir='ltr'><strong>fit</strong></span> <span class='ocrx_word' id='word_1_15' title='bbox 1807 741 2023 846; x_wconf 73' lang='lat' dir='ltr'><strong>concavat,</strong></span> <span class='ocrx_word' id='word_1_16' title='bbox 2095 691 2096 696; x_wconf 7' lang='grc' dir='ltr'><strong><em>Ν</em></strong></span> 
     </span>
    </p>
   </div>
   <div class='ocr_carea' id='block_1_3' title="bbox 668 815 2024 1042">
    <p class='ocr_par' dir='ltr' id='par_1_3' title="bbox 668 815 2024 1042">
     <span class='ocr_line' id='line_1_3' title="bbox 668 815 2024 943; baseline 0.015 -39"><span class='ocrx_word' id='word_1_17' title='bbox 668 823 838 934; x_wconf 83' lang='lat' dir='ltr'><strong>planus,</strong></span> <span class='ocrx_word' id='word_1_18' title='bbox 867 839 1085 940; x_wconf 63' lang='lat' dir='ltr'><strong>convexun,</strong></span> <span class='ocrx_word' id='word_1_19' title='bbox 1106 815 1414 943; x_wconf 67' lang='lat' dir='ltr'><strong>pyramidatur,</strong></span> <span class='ocrx_word' id='word_1_20' title='bbox 1441 821 1506 902; x_wconf 91' lang='lat' dir='ltr'><strong>vel</strong></span> <span class='ocrx_word' id='word_1_21' title='bbox 1529 821 1710 933; x_wconf 79' lang='lat' dir='ltr'><strong>globofirs.</strong></span> <span class='ocrx_word' id='word_1_22' title='bbox 1773 829 1858 916; x_wconf 80' lang='lat' dir='ltr'><strong>Hae</strong></span> <span class='ocrx_word' id='word_1_23' title='bbox 1886 862 2024 924; x_wconf 84' lang='lat' dir='ltr'><strong>omnes</strong></span> 
     </span>
     <span class='ocr_line' id='line_1_4' title="bbox 684 924 1824 1042; baseline 0.006 -28"><span class='ocrx_word' id='word_1_24' title='bbox 684 951 774 1014; x_wconf 91' lang='lat' dir='ltr'><strong>cum</strong></span> <span class='ocrx_word' id='word_1_25' title='bbox 802 925 876 1009; x_wconf 90' lang='lat' dir='ltr'><strong>suis</strong></span> <span class='ocrx_word' id='word_1_26' title='bbox 907 924 1095 1028; x_wconf 77' lang='lat' dir='ltr'><strong>exemplis</strong></span> <span class='ocrx_word' id='word_1_27' title='bbox 1139 943 1345 1027; x_wconf 87' lang='lat' dir='ltr'><strong>equentem</strong></span> <span class='ocrx_word' id='word_1_28' title='bbox 1372 950 1413 1007; x_wconf 93' lang='lat' dir='ltr'><strong>m</strong></span> <span class='ocrx_word' id='word_1_29' title='bbox 1439 927 1601 1012; x_wconf 89' lang='lat' dir='ltr'><strong>modum</strong></span> <span class='ocrx_word' id='word_1_30' title='bbox 1627 959 1824 1042; x_wconf 85' lang='lat' dir='ltr'><strong>propono.</strong></span> 
     </span>
    </p>
   </div>
   <div class='ocr_carea' id='block_1_4' title="bbox 675 1029 2121 2239">
    <p class='ocr_par' dir='ltr' id='par_1_4' title="bbox 675 1029 2121 1790">
     <span class='ocr_line' id='line_1_5' title="bbox 733 1029 2024 1161; baseline 0.017 -42"><span class='ocrx_word' id='word_1_31' title='bbox 733 1073 771 1120; x_wconf 78' lang='lat' dir='ltr'><strong>a.</strong></span> <span class='ocrx_word' id='word_1_32' title='bbox 800 1033 1000 1116; x_wconf 85' lang='lat' dir='ltr'><strong>Concaous</strong></span> <span class='ocrx_word' id='word_1_33' title='bbox 1030 1029 1109 1130; x_wconf 82' lang='lat' dir='ltr'><strong>est,</strong></span> <span class='ocrx_word' id='word_1_34' title='bbox 1137 1031 1249 1138; x_wconf 85' lang='lat' dir='ltr'><strong>cujus</strong></span> <span class='ocrx_word' id='word_1_35' title='bbox 1277 1029 1495 1138; x_wconf 90' lang='lat' dir='ltr'><strong>superficies</strong></span> <span class='ocrx_word' id='word_1_36' title='bbox 1519 1033 1632 1122; x_wconf 90' lang='lat' dir='ltr'><strong>suum</strong></span> <span class='ocrx_word' id='word_1_37' title='bbox 1659 1045 1788 1128; x_wconf 86' lang='lat' dir='ltr'><strong>versus</strong></span> <span class='ocrx_word' id='word_1_38' title='bbox 1813 1057 2024 1161; x_wconf 85' lang='lat' dir='ltr'>marginem</span> 
     </span>
     <span class='ocr_line' id='line_1_6' title="bbox 681 1138 2026 1270; baseline 0.014 -41"><span class='ocrx_word' id='word_1_39' title='bbox 681 1149 892 1243; x_wconf 85' lang='lat' dir='ltr'><strong>elevatur,</strong></span> <span class='ocrx_word' id='word_1_40' title='bbox 929 1141 1028 1225; x_wconf 91' lang='lat' dir='ltr'><strong>adeo</strong></span> <span class='ocrx_word' id='word_1_41' title='bbox 1056 1161 1102 1223; x_wconf 87' lang='lat' dir='ltr'><strong>ut</strong></span> <span class='ocrx_word' id='word_1_42' title='bbox 1127 1143 1333 1224; x_wconf 79' lang='lat' dir='ltr'><strong>cavitatem</strong></span> <span class='ocrx_word' id='word_1_43' title='bbox 1361 1138 1511 1248; x_wconf 88' lang='lat' dir='ltr'><strong>faciat,</strong></span> <span class='ocrx_word' id='word_1_44' title='bbox 1551 1148 1587 1230; x_wconf 94' lang='lat' dir='ltr'><strong>id</strong></span> <span class='ocrx_word' id='word_1_45' title='bbox 1617 1155 1723 1255; x_wconf 89' lang='lat' dir='ltr'><strong>quod</strong></span> <span class='ocrx_word' id='word_1_46' title='bbox 1749 1157 1788 1237; x_wconf 93' lang='lat' dir='ltr'><strong>in</strong></span> <span class='ocrx_word' id='word_1_47' title='bbox 1816 1166 2026 1270; x_wconf 89' lang='lat' dir='ltr'><strong>compluri-</strong></span> 
     </span>
     <span class='ocr_line' id='line_1_7' title="bbox 683 1247 2024 1376; baseline 0.016 -41"><span class='ocrx_word' id='word_1_48' title='bbox 683 1257 757 1336; x_wconf 88' lang='lat' dir='ltr'><strong>bus</strong></span> <span class='ocrx_word' id='word_1_49' title='bbox 780 1266 826 1333; x_wconf 88' lang='lat' dir='ltr'><strong>ut</strong></span> <span class='ocrx_word' id='word_1_50' title='bbox 853 1251 893 1330; x_wconf 92' lang='lat' dir='ltr'><strong>in</strong></span> <span class='ocrx_word' id='word_1_51' title='bbox 916 1247 1187 1358; x_wconf 56' lang='lat' dir='ltr'><strong>Chryfircomm</strong></span> <span class='ocrx_word' id='word_1_52' title='bbox 1216 1253 1335 1356; x_wconf 84' lang='lat' dir='ltr'><strong>magis</strong></span> <span class='ocrx_word' id='word_1_53' title='bbox 1355 1271 1486 1334; x_wconf 90' lang='lat' dir='ltr'><strong>autem</strong></span> <span class='ocrx_word' id='word_1_54' title='bbox 1503 1257 1543 1338; x_wconf 92' lang='lat' dir='ltr'><strong>in</strong></span> <span class='ocrx_word' id='word_1_55' title='bbox 1565 1257 1707 1343; x_wconf 86' lang='lat' dir='ltr'><strong>Soncho</strong></span> <span class='ocrx_word' id='word_1_56' title='bbox 1727 1287 1764 1368; x_wconf 86' lang='lat'><strong>7.</strong></span> <span class='ocrx_word' id='word_1_57' title='bbox 1787 1265 1883 1376; x_wconf 79' lang='lat' dir='ltr'><strong>Ray.</strong></span> <span class='ocrx_word' id='word_1_58' title='bbox 1902 1271 2024 1356; x_wconf 82' lang='lat' dir='ltr'><strong>Prod.</strong></span> 
     </span>
     <span class='ocr_line' id='line_1_8' title="bbox 675 1351 2121 1478; baseline 0.019 -41"><span class='ocrx_word' id='word_1_59' title='bbox 675 1378 768 1473; x_wconf 82' lang='lat' dir='ltr'><strong>pag.</strong></span> <span class='ocrx_word' id='word_1_60' title='bbox 785 1383 872 1463; x_wconf 84' lang='lat'><strong>130.</strong></span> <span class='ocrx_word' id='word_1_61' title='bbox 885 1351 979 1468; x_wconf 84' lang='lat' dir='ltr'>(g),</span> <span class='ocrx_word' id='word_1_62' title='bbox 992 1357 1182 1462; x_wconf 89' lang='lat' dir='ltr'><strong>quemhic</strong></span> <span class='ocrx_word' id='word_1_63' title='bbox 1202 1360 1596 1464; x_wconf 86' lang='lat' dir='ltr'><strong>exhibeo,videmus;</strong></span> <span class='ocrx_word' id='word_1_64' title='bbox 1609 1369 1723 1474; x_wconf 84' lang='lat' dir='ltr'><strong>hujus</strong></span> <span class='ocrx_word' id='word_1_65' title='bbox 1735 1381 2024 1478; x_wconf 83' lang='lat' dir='ltr'><strong>receptaculum</strong></span> <span class='ocrx_word' id='word_1_66' title='bbox 2098 1375 2121 1400; x_wconf 53' lang='lat'><strong>⁸</strong></span> 
     </span>
     <span class='ocr_line' id='line_1_9' title="bbox 684 1462 2024 1593; baseline 0.016 -41"><span class='ocrx_word' id='word_1_67' title='bbox 684 1469 834 1552; x_wconf 89' lang='lat' dir='ltr'><strong>nudum</strong></span> <span class='ocrx_word' id='word_1_68' title='bbox 853 1469 880 1550; x_wconf 85' lang='lat' dir='ltr'><strong>i.</strong></span> <span class='ocrx_word' id='word_1_69' title='bbox 891 1492 923 1549; x_wconf 86' lang='lat' dir='ltr'><strong>e.</strong></span> <span class='ocrx_word' id='word_1_70' title='bbox 936 1466 1018 1572; x_wconf 79' lang='lat' dir='ltr'><strong>fine</strong></span> <span class='ocrx_word' id='word_1_71' title='bbox 1027 1465 1151 1574; x_wconf 84' lang='lat' dir='ltr'><strong>paleis</strong></span> <span class='ocrx_word' id='word_1_72' title='bbox 1166 1462 1237 1548; x_wconf 92' lang='lat' dir='ltr'><strong>suo</strong></span> <span class='ocrx_word' id='word_1_73' title='bbox 1256 1472 1295 1550; x_wconf 90' lang='lat' dir='ltr'><strong>in</strong></span> <span class='ocrx_word' id='word_1_74' title='bbox 1314 1488 1448 1550; x_wconf 91' lang='lat' dir='ltr'><strong>centro</strong></span> <span class='ocrx_word' id='word_1_75' title='bbox 1467 1469 1584 1555; x_wconf 86' lang='lat' dir='ltr'><strong>habet</strong></span> <span class='ocrx_word' id='word_1_76' title='bbox 1596 1480 1801 1564; x_wconf 84' lang='lat' dir='ltr'><strong>cavitatem</strong></span> <span class='ocrx_word' id='word_1_77' title='bbox 1812 1483 1890 1593; x_wconf 81' lang='lat' dir='ltr'><strong>(h)</strong></span> <span class='ocrx_word' id='word_1_78' title='bbox 1901 1547 1914 1586; x_wconf 82' lang='lat'>‚</span> <span class='ocrx_word' id='word_1_79' title='bbox 1925 1512 2024 1592; x_wconf 85' lang='lat' dir='ltr'><strong>quae</strong></span> 
     </span>
     <span class='ocr_line' id='line_1_10' title="bbox 685 1575 2027 1698; baseline 0.018 -39"><span class='ocrx_word' id='word_1_80' title='bbox 685 1577 735 1659; x_wconf 90' lang='lat' dir='ltr'><strong>ad</strong></span> <span class='ocrx_word' id='word_1_81' title='bbox 762 1577 970 1682; x_wconf 86' lang='lat' dir='ltr'><strong>marginem</strong></span> <span class='ocrx_word' id='word_1_82' title='bbox 999 1575 1172 1657; x_wconf 88' lang='lat' dir='ltr'><strong>elevatur</strong></span> <span class='ocrx_word' id='word_1_83' title='bbox 1194 1576 1236 1656; x_wconf 93' lang='lat' dir='ltr'><strong>in</strong></span> <span class='ocrx_word' id='word_1_84' title='bbox 1263 1575 1467 1658; x_wconf 88' lang='lat' dir='ltr'><strong>rotundam</strong></span> <span class='ocrx_word' id='word_1_85' title='bbox 1493 1580 1734 1686; x_wconf 86' lang='lat' dir='ltr'><strong>superficiem</strong></span> <span class='ocrx_word' id='word_1_86' title='bbox 1764 1589 1880 1698; x_wconf 76' lang='lat' dir='ltr'><strong>(i),</strong></span> <span class='ocrx_word' id='word_1_87' title='bbox 1909 1597 1948 1680; x_wconf 77' lang='grc' dir='ltr'><strong>δι</strong></span> <span class='ocrx_word' id='word_1_88' title='bbox 1973 1597 2027 1682; x_wconf 84' lang='lat' dir='ltr'><strong>stt:</strong></span> 
     </span>
     <span class='ocr_line' id='line_1_11' title="bbox 688 1682 1926 1790; baseline 0 -23"><span class='ocrx_word' id='word_1_89' title='bbox 688 1685 1111 1769; x_wconf 89' lang='lat' dir='ltr'><strong>rotundo-concavam</strong></span> <span class='ocrx_word' id='word_1_90' title='bbox 1130 1682 1250 1766; x_wconf 91' lang='lat' dir='ltr'><strong>efficit</strong></span> <span class='ocrx_word' id='word_1_91' title='bbox 1271 1682 1443 1790; x_wconf 88' lang='lat' dir='ltr'><strong>figuram.</strong></span> <span class='ocrx_word' id='word_1_92' title='bbox 1616 1693 1619 1699; x_wconf 85' lang='grc'><strong>’</strong></span> <span class='ocrx_word' id='word_1_93' title='bbox 1925 1711 1926 1716; x_wconf 42' lang='lat'>¹</span> 
     </span>
    </p>

    <p class='ocr_par' dir='ltr' id='par_1_5' title="bbox 682 1787 2028 2239">
     <span class='ocr_line' id='line_1_12' title="bbox 742 1787 2028 1912; baseline 0.019 -38"><span class='ocrx_word' id='word_1_94' title='bbox 742 1797 784 1888; x_wconf 79' lang='grc' dir='ltr'><strong>β.</strong></span> <span class='ocrx_word' id='word_1_95' title='bbox 812 1789 984 1892; x_wconf 72' lang='lat' dir='ltr'><strong>Planus,</strong></span> <span class='ocrx_word' id='word_1_96' title='bbox 1011 1787 1181 1873; x_wconf 85' lang='lat' dir='ltr'><strong>secunda</strong></span> <span class='ocrx_word' id='word_1_97' title='bbox 1209 1791 1617 1904; x_wconf 80' lang='lat' dir='ltr'><strong>Discorumspecies,</strong></span> <span class='ocrx_word' id='word_1_98' title='bbox 1654 1804 1876 1912; x_wconf 88' lang='lat' dir='ltr'><strong>peispicuus</strong></span> <span class='ocrx_word' id='word_1_99' title='bbox 1905 1809 1962 1894; x_wconf 92' lang='lat' dir='ltr'><strong>est</strong></span> <span class='ocrx_word' id='word_1_100' title='bbox 1984 1817 2028 1901; x_wconf 90' lang='lat' dir='ltr'><strong>in</strong></span> 
     </span>
     <span class='ocr_line' id='line_1_13' title="bbox 689 1896 2027 2030; baseline 0.018 -45"><span class='ocrx_word' id='word_1_101' title='bbox 689 1901 903 1986; x_wconf 79' lang='lat' dir='ltr'><strong>centaurea</strong></span> <span class='ocrx_word' id='word_1_102' title='bbox 922 1897 1015 2009; x_wconf 83' lang='lat' dir='ltr'><strong>(l)</strong></span> <span class='ocrx_word' id='word_1_103' title='bbox 1038 1924 1078 2002; x_wconf 88' lang='lat'><strong>4.</strong></span> <span class='ocrx_word' id='word_1_104' title='bbox 1107 1896 1205 2008; x_wconf 80' lang='lat' dir='ltr'><strong>Ray.</strong></span> <span class='ocrx_word' id='word_1_105' title='bbox 1227 1899 1346 1984; x_wconf 84' lang='lat' dir='ltr'><strong>Prod.</strong></span> <span class='ocrx_word' id='word_1_106' title='bbox 1355 1917 1449 2010; x_wconf 82' lang='lat' dir='ltr'><strong>pag.</strong></span> <span class='ocrx_word' id='word_1_107' title='bbox 1475 1911 1565 2009; x_wconf 87' lang='lat'>138.</span> <span class='ocrx_word' id='word_1_108' title='bbox 1613 1911 1741 2017; x_wconf 89' lang='lat' dir='ltr'><strong>Hujus</strong></span> <span class='ocrx_word' id='word_1_109' title='bbox 1759 1915 1865 1999; x_wconf 85' lang='lat' dir='ltr'><strong>floris</strong></span> <span class='ocrx_word' id='word_1_110' title='bbox 1886 1918 2027 2030; x_wconf 83' lang='lat' dir='ltr'><strong>Discus</strong></span> 
     </span>
     <span class='ocr_line' id='line_1_14' title="bbox 682 2005 2023 2131; baseline 0.017 -38"><span class='ocrx_word' id='word_1_111' title='bbox 682 2007 842 2094; x_wconf 86' lang='lat' dir='ltr'><strong>flosculo</strong></span> <span class='ocrx_word' id='word_1_112' title='bbox 882 2034 929 2091; x_wconf 92' lang='lat' dir='ltr'><strong>ac</strong></span> <span class='ocrx_word' id='word_1_113' title='bbox 964 2009 1073 2112; x_wconf 89' lang='lat' dir='ltr'><strong>palea</strong></span> <span class='ocrx_word' id='word_1_114' title='bbox 1100 2005 1312 2114; x_wconf 88' lang='lat' dir='ltr'><strong>privatus,</strong></span> <span class='ocrx_word' id='word_1_115' title='bbox 1350 2033 1477 2115; x_wconf 91' lang='lat' dir='ltr'><strong>neque</strong></span> <span class='ocrx_word' id='word_1_116' title='bbox 1505 2019 1545 2098; x_wconf 91' lang='lat' dir='ltr'><strong>in</strong></span> <span class='ocrx_word' id='word_1_117' title='bbox 1576 2043 1793 2106; x_wconf 89' lang='lat' dir='ltr'><strong>concavam</strong></span> <span class='ocrx_word' id='word_1_118' title='bbox 1823 2051 1955 2131; x_wconf 89' lang='lat' dir='ltr'><strong>neque</strong></span> <span class='ocrx_word' id='word_1_119' title='bbox 1983 2036 2023 2116; x_wconf 86' lang='lat' dir='ltr'><strong>in</strong></span> 
     </span>
     <span class='ocr_line' id='line_1_15' title="bbox 686 2112 2025 2239; baseline 0.015 -36"><span class='ocrx_word' id='word_1_120' title='bbox 686 2141 909 2204; x_wconf 86' lang='lat' dir='ltr'><strong>convexam</strong></span> <span class='ocrx_word' id='word_1_121' title='bbox 947 2112 1083 2199; x_wconf 89' lang='lat' dir='ltr'><strong>crescit</strong></span> <span class='ocrx_word' id='word_1_122' title='bbox 1118 2112 1391 2220; x_wconf 88' lang='lat' dir='ltr'><strong>superficiem,</strong></span> <span class='ocrx_word' id='word_1_123' title='bbox 1428 2125 1571 2211; x_wconf 86' lang='lat' dir='ltr'><strong>verirm</strong></span> <span class='ocrx_word' id='word_1_124' title='bbox 1606 2131 1749 2236; x_wconf 90' lang='lat' dir='ltr'><strong>ubique</strong></span> <span class='ocrx_word' id='word_1_125' title='bbox 1787 2137 1822 2214; x_wconf 91' lang='lat' dir='ltr'><strong>ei</strong></span> <span class='ocrx_word' id='word_1_126' title='bbox 1851 2139 2025 2239; x_wconf 85' lang='lat' dir='ltr'><strong>planities</strong></span> 
     </span>
    </p>
   </div>
   <div class='ocr_carea' id='block_1_5' title="bbox 520 2227 2035 2444">
    <p class='ocr_par' dir='ltr' id='par_1_6' title="bbox 520 2227 2035 2444">
     <span class='ocr_line' id='line_1_16' title="bbox 532 2227 2031 2348; baseline 0.03 -61"><span class='ocrx_word' id='word_1_127' title='bbox 532 2284 533 2287; x_wconf 15' lang='lat' dir='ltr'><strong>a</strong></span> <span class='ocrx_word' id='word_1_128' title='bbox 687 2227 745 2314; x_wconf 71' lang='lat' dir='ltr'><strong>est</strong></span> <span class='ocrx_word' id='word_1_129' title='bbox 782 2227 986 2330; x_wconf 84' lang='lat' dir='ltr'><strong>aequalis,</strong></span> <span class='ocrx_word' id='word_1_130' title='bbox 1043 2245 1159 2329; x_wconf 85' lang='lat' dir='ltr'><strong>quam</strong></span> <span class='ocrx_word' id='word_1_131' title='bbox 1192 2249 1314 2330; x_wconf 87' lang='lat' dir='ltr'><strong>usque</strong></span> <span class='ocrx_word' id='word_1_132' title='bbox 1349 2228 1399 2311; x_wconf 92' lang='lat' dir='ltr'><strong>ad</strong></span> <span class='ocrx_word' id='word_1_133' title='bbox 1445 2247 1665 2319; x_wconf 84' lang='lat' dir='ltr'><strong>extremum</strong></span> <span class='ocrx_word' id='word_1_134' title='bbox 1698 2245 1908 2348; x_wconf 87' lang='lat' dir='ltr'><strong>marginem</strong></span> <span class='ocrx_word' id='word_1_135' title='bbox 1948 2247 2031 2334; x_wconf 84' lang='lat' dir='ltr'><strong>five</strong></span> 
     </span>
     <span class='ocr_line' id='line_1_17' title="bbox 520 2329 2035 2444; baseline 0.023 -37"><span class='ocrx_word' id='word_1_136' title='bbox 520 2380 522 2384; x_wconf 89' lang='lat'><em>-</em></span> <span class='ocrx_word' id='word_1_137' title='bbox 688 2334 802 2444; x_wconf 87' lang='lat' dir='ltr'><strong>Disci</strong></span> <span class='ocrx_word' id='word_1_138' title='bbox 837 2333 982 2416; x_wconf 86' lang='lat' dir='ltr'><strong>radium</strong></span> <span class='ocrx_word' id='word_1_139' title='bbox 1010 2329 1169 2432; x_wconf 85' lang='lat' dir='ltr'><strong>servat,</strong></span> <span class='ocrx_word' id='word_1_140' title='bbox 1205 2333 1311 2417; x_wconf 89' lang='lat' dir='ltr'><strong>unde</strong></span> <span class='ocrx_word' id='word_1_141' title='bbox 1335 2337 1491 2422; x_wconf 87' lang='lat' dir='ltr'><strong>&#39;flosculi</strong></span> <span class='ocrx_word' id='word_1_142' title='bbox 1519 2345 1654 2428; x_wconf 86' lang='lat' dir='ltr'><strong>ordine</strong></span> <span class='ocrx_word' id='word_1_143' title='bbox 1680 2346 1751 2430; x_wconf 93' lang='lat' dir='ltr'><strong>suo</strong></span> <span class='ocrx_word' id='word_1_144' title='bbox 1778 2354 1818 2432; x_wconf 93' lang='lat' dir='ltr'><strong>in</strong></span> <span class='ocrx_word' id='word_1_145' title='bbox 1845 2353 1923 2436; x_wconf 78' lang='lat' dir='ltr'><strong>basa</strong></span> <span class='ocrx_word' id='word_1_146' title='bbox 1949 2378 2035 2442; x_wconf 87' lang='lat' dir='ltr'><strong>tan-</strong></span> 
     </span>
    </p>
   </div>
   <div class='ocr_carea' id='block_1_6' title="bbox 603 2439 2101 4095">
    <p class='ocr_par' dir='ltr' id='par_1_7' title="bbox 603 2439 2101 4095">
     <span class='ocr_line' id='line_1_18' title="bbox 603 2439 2030 2576; baseline 0.02 -51"><span class='ocrx_word' id='word_1_147' title='bbox 603 2477 609 2490; x_wconf 89' lang='lat'><strong>·</strong></span> <span class='ocrx_word' id='word_1_148' title='bbox 690 2467 804 2550; x_wconf 92' lang='lat' dir='ltr'><strong>quam</strong></span> <span class='ocrx_word' id='word_1_149' title='bbox 835 2442 884 2525; x_wconf 87' lang='lat' dir='ltr'><strong>ad</strong></span> <span class='ocrx_word' id='word_1_150' title='bbox 906 2439 1075 2524; x_wconf 80' lang='lat' dir='ltr'><strong>amulim</strong></span> <span class='ocrx_word' id='word_1_151' title='bbox 1098 2441 1292 2550; x_wconf 87' lang='lat' dir='ltr'><strong>perlibrati</strong></span> <span class='ocrx_word' id='word_1_152' title='bbox 1320 2443 1429 2553; x_wconf 90' lang='lat' dir='ltr'><strong>smt‚</strong></span> <span class='ocrx_word' id='word_1_153' title='bbox 1457 2469 1504 2533; x_wconf 90' lang='lat' dir='ltr'><strong>ut</strong></span> <span class='ocrx_word' id='word_1_154' title='bbox 1530 2452 1652 2556; x_wconf 88' lang='lat' dir='ltr'><strong>liquet</strong></span> <span class='ocrx_word' id='word_1_155' title='bbox 1679 2459 1796 2540; x_wconf 90' lang='lat' dir='ltr'><strong>etiam</strong></span> <span class='ocrx_word' id='word_1_156' title='bbox 1826 2462 1868 2543; x_wconf 89' lang='lat' dir='ltr'><strong>in</strong></span> <span class='ocrx_word' id='word_1_157' title='bbox 1896 2489 2030 2576; x_wconf 91' lang='lat' dir='ltr'><strong>recep·</strong></span> 
     </span>
     <span class='ocr_line' id='line_1_19' title="bbox 686 2547 1296 2742; baseline -0.003 -104"><span class='ocrx_word' id='word_1_158' title='bbox 686 2554 816 2638; x_wconf 90' lang='lat' dir='ltr'><strong>taculo</strong></span> <span class='ocrx_word' id='word_1_159' title='bbox 849 2547 1178 2742; x_wconf 50' lang='lat' dir='ltr'><strong>Chrystrcomatlg</strong></span> <span class='ocrx_word' id='word_1_160' title='bbox 1202 2549 1241 2659; x_wconf 86' lang='lat'><strong>).</strong></span> <span class='ocrx_word' id='word_1_161' title='bbox 1294 2557 1296 2561; x_wconf 79' lang='grc'><strong>’</strong></span> 
     </span>
     <span class='ocr_line' id='line_1_20' title="bbox 745 2654 2035 2778; baseline 0.022 -40"><span class='ocrx_word' id='word_1_162' title='bbox 745 2699 785 2766; x_wconf 63' lang='lat' dir='ltr'><strong>p.</strong></span> <span class='ocrx_word' id='word_1_163' title='bbox 814 2659 1016 2746; x_wconf 72' lang='lat' dir='ltr'><strong>Conventus</strong></span> <span class='ocrx_word' id='word_1_164' title='bbox 1045 2657 1102 2742; x_wconf 88' lang='lat' dir='ltr'><strong>est</strong></span> <span class='ocrx_word' id='word_1_165' title='bbox 1179 2662 1302 2770; x_wconf 83' lang='lat' dir='ltr'><strong>iscus,</strong></span> <span class='ocrx_word' id='word_1_166' title='bbox 1327 2654 1354 2744; x_wconf 86' lang='lat' dir='ltr'><strong>ll</strong></span> <span class='ocrx_word' id='word_1_167' title='bbox 1382 2666 1421 2747; x_wconf 95' lang='lat' dir='ltr'><strong>in</strong></span> <span class='ocrx_word' id='word_1_168' title='bbox 1455 2667 1629 2751; x_wconf 83' lang='lat' dir='ltr'><strong>altiorem</strong></span> <span class='ocrx_word' id='word_1_169' title='bbox 1656 2674 1855 2778; x_wconf 87' lang='lat' dir='ltr'><strong>planitiem</strong></span> <span class='ocrx_word' id='word_1_170' title='bbox 1883 2679 1921 2762; x_wconf 92' lang='lat' dir='ltr'><strong>se</strong></span> <span class='ocrx_word' id='word_1_171' title='bbox 1954 2685 2035 2766; x_wconf 90' lang='lat' dir='ltr'><strong>ele·</strong></span> 
     </span>
     <span class='ocr_line' id='line_1_21' title="bbox 692 2767 2038 2885; baseline 0.016 -34"><span class='ocrx_word' id='word_1_172' title='bbox 692 2771 829 2854; x_wconf 90' lang='lat' dir='ltr'><strong>vatin</strong></span> <span class='ocrx_word' id='word_1_173' title='bbox 858 2785 1020 2868; x_wconf 85' lang='lat' dir='ltr'><strong>centro,</strong></span> <span class='ocrx_word' id='word_1_174' title='bbox 1048 2789 1165 2873; x_wconf 90' lang='lat' dir='ltr'><strong>quam</strong></span> <span class='ocrx_word' id='word_1_175' title='bbox 1199 2767 1242 2851; x_wconf 91' lang='lat' dir='ltr'><strong>in</strong></span> <span class='ocrx_word' id='word_1_176' title='bbox 1269 2775 1436 2878; x_wconf 84' lang='lat' dir='ltr'><strong>margine</strong></span> <span class='ocrx_word' id='word_1_177' title='bbox 1459 2835 1473 2876; x_wconf 88' lang='lat'>,</span> <span class='ocrx_word' id='word_1_178' title='bbox 1503 2781 1542 2860; x_wconf 92' lang='lat'>&amp;</span> <span class='ocrx_word' id='word_1_179' title='bbox 1571 2779 1661 2861; x_wconf 92' lang='lat' dir='ltr'><strong>hinc</strong></span> <span class='ocrx_word' id='word_1_180' title='bbox 1688 2805 1782 2866; x_wconf 86' lang='lat' dir='ltr'><strong>cavo</strong></span> <span class='ocrx_word' id='word_1_181' title='bbox 1810 2782 1855 2882; x_wconf 88' lang='lat' dir='ltr'><strong>fit</strong></span> <span class='ocrx_word' id='word_1_182' title='bbox 1884 2807 2038 2885; x_wconf 82' lang='lat' dir='ltr'><strong>contra·</strong></span> 
     </span>
     <span class='ocr_line' id='line_1_22' title="bbox 695 2873 2039 3003; baseline 0.018 -42"><span class='ocrx_word' id='word_1_183' title='bbox 695 2881 805 2981; x_wconf 85' lang='lat' dir='ltr'><strong>rius,</strong></span> <span class='ocrx_word' id='word_1_184' title='bbox 841 2875 947 2980; x_wconf 89' lang='lat' dir='ltr'><strong>quod</strong></span> <span class='ocrx_word' id='word_1_185' title='bbox 980 2873 1060 2980; x_wconf 84' lang='lat' dir='ltr'><strong>jam</strong></span> <span class='ocrx_word' id='word_1_186' title='bbox 1098 2879 1307 2962; x_wconf 87' lang='lat' dir='ltr'><strong>innotuite</strong></span> <span class='ocrx_word' id='word_1_187' title='bbox 1337 2879 1503 2988; x_wconf 83' lang='lat' dir='ltr'><strong>superius</strong></span> <span class='ocrx_word' id='word_1_188' title='bbox 1541 2885 1726 2998; x_wconf 88' lang='lat' dir='ltr'><strong>descripto</strong></span> <span class='ocrx_word' id='word_1_189' title='bbox 1764 2890 1954 3003; x_wconf 82' lang='lat' dir='ltr'><strong>Onopordi</strong></span> <span class='ocrx_word' id='word_1_190' title='bbox 1981 2926 2039 2984; x_wconf 92' lang='lat' dir='ltr'><strong>re·</strong></span> 
     </span>
     <span class='ocr_line' id='line_1_23' title="bbox 698 2985 2039 3100; baseline 0.022 -36"><span class='ocrx_word' id='word_1_191' title='bbox 698 2987 926 3092; x_wconf 87' lang='lat' dir='ltr'><strong>ceptaculo‚</strong></span> <span class='ocrx_word' id='word_1_192' title='bbox 956 2985 996 3065; x_wconf 92' lang='lat' dir='ltr'><strong>in</strong></span> <span class='ocrx_word' id='word_1_193' title='bbox 1024 2989 1241 3090; x_wconf 86' lang='lat' dir='ltr'><strong>exemplum</strong></span> <span class='ocrx_word' id='word_1_194' title='bbox 1269 2987 1347 3070; x_wconf 92' lang='lat' dir='ltr'><strong>huc</strong></span> <span class='ocrx_word' id='word_1_195' title='bbox 1373 2992 1517 3096; x_wconf 82' lang='lat' dir='ltr'><strong>allat03</strong></span> <span class='ocrx_word' id='word_1_196' title='bbox 1546 2995 1760 3100; x_wconf 87' lang='lat' dir='ltr'><strong>cujusmodi</strong></span> <span class='ocrx_word' id='word_1_197' title='bbox 1787 3026 1957 3091; x_wconf 84' lang='lat' dir='ltr'><strong>convexa</strong></span> <span class='ocrx_word' id='word_1_198' title='bbox 1978 3007 2039 3093; x_wconf 89' lang='lat' dir='ltr'><strong>su·</strong></span> 
     </span>
     <span class='ocr_line' id='line_1_24' title="bbox 696 3091 2044 3222; baseline 0.022 -48"><span class='ocrx_word' id='word_1_199' title='bbox 696 3091 869 3222; x_wconf 79' lang='lat' dir='ltr'><strong>perficies</strong></span> <span class='ocrx_word' id='word_1_200' title='bbox 908 3094 1025 3201; x_wconf 77' lang='lat' dir='ltr'><strong>quam</strong></span> <span class='ocrx_word' id='word_1_201' title='bbox 1063 3095 1229 3202; x_wconf 84' lang='lat' dir='ltr'><strong>plurimis</strong></span> <span class='ocrx_word' id='word_1_202' title='bbox 1259 3098 1358 3180; x_wconf 91' lang='lat' dir='ltr'><strong>inter</strong></span> <span class='ocrx_word' id='word_1_203' title='bbox 1389 3097 1505 3185; x_wconf 86' lang='lat' dir='ltr'><strong>flores</strong></span> <span class='ocrx_word' id='word_1_204' title='bbox 1551 3108 1788 3217; x_wconf 77' lang='lat' dir='ltr'><strong>compositor</strong></span> <span class='ocrx_word' id='word_1_205' title='bbox 1832 3111 1888 3196; x_wconf 83' lang='lat' dir='ltr'><strong>eli</strong></span> <span class='ocrx_word' id='word_1_206' title='bbox 1932 3141 2044 3203; x_wconf 80' lang='lat' dir='ltr'><strong>com·</strong></span> 
     </span>
     <span class='ocr_line' id='line_1_25' title="bbox 694 3226 1913 3302; baseline 0.007 -8"><span class='ocrx_word' id='word_1_207' title='bbox 694 3226 832 3294; x_wconf 85' lang='lat' dir='ltr'><strong>mums.</strong></span> <span class='ocrx_word' id='word_1_208' title='bbox 1075 3291 1081 3301; x_wconf 82' lang='grc'>,</span> <span class='ocrx_word' id='word_1_209' title='bbox 1425 3265 1427 3270; x_wconf 54' lang='lat'>&gt;</span> <span class='ocrx_word' id='word_1_210' title='bbox 1910 3297 1913 3302; x_wconf 80' lang='grc'>,</span> 
     </span>
     <span class='ocr_line' id='line_1_26' title="bbox 755 3311 2048 3442; baseline 0.021 -46"><span class='ocrx_word' id='word_1_211' title='bbox 755 3312 788 3400; x_wconf 78' lang='lat' dir='ltr'><strong>l.</strong></span> <span class='ocrx_word' id='word_1_212' title='bbox 819 3311 1114 3422; x_wconf 80' lang='lat' dir='ltr'><strong>Pyramidatum</strong></span> <span class='ocrx_word' id='word_1_213' title='bbox 1142 3314 1182 3398; x_wconf 90' lang='lat' dir='ltr'><strong>se</strong></span> <span class='ocrx_word' id='word_1_214' title='bbox 1211 3311 1394 3402; x_wconf 83' lang='lat' dir='ltr'><strong>monstrat</strong></span> <span class='ocrx_word' id='word_1_215' title='bbox 1419 3315 1587 3428; x_wconf 84' lang='lat' dir='ltr'><strong>Discus,</strong></span> <span class='ocrx_word' id='word_1_216' title='bbox 1615 3323 1711 3408; x_wconf 79' lang='lat' dir='ltr'><strong>sain</strong></span> <span class='ocrx_word' id='word_1_217' title='bbox 1740 3349 1872 3416; x_wconf 89' lang='lat' dir='ltr'><strong>centro</strong></span> <span class='ocrx_word' id='word_1_218' title='bbox 1898 3338 1939 3418; x_wconf 90' lang='lat' dir='ltr'><strong>in</strong></span> <span class='ocrx_word' id='word_1_219' title='bbox 1965 3359 2048 3442; x_wconf 89' lang='lat' dir='ltr'><strong>ma·</strong></span> 
     </span>
     <span class='ocr_line' id='line_1_27' title="bbox 701 3421 2047 3542; baseline 0.018 -37"><span class='ocrx_word' id='word_1_220' title='bbox 701 3425 824 3532; x_wconf 81' lang='lat' dir='ltr'><strong>iorem</strong></span> <span class='ocrx_word' id='word_1_221' title='bbox 851 3421 1031 3507; x_wconf 85' lang='lat' dir='ltr'><strong>excrescit</strong></span> <span class='ocrx_word' id='word_1_222' title='bbox 1060 3423 1295 3509; x_wconf 88' lang='lat' dir='ltr'><strong>altitudinem</strong></span> <span class='ocrx_word' id='word_1_223' title='bbox 1325 3452 1440 3533; x_wconf 91' lang='lat' dir='ltr'><strong>quam</strong></span> <span class='ocrx_word' id='word_1_224' title='bbox 1468 3447 1512 3512; x_wconf 89' lang='lat' dir='ltr'><strong>ot</strong></span> <span class='ocrx_word' id='word_1_225' title='bbox 1539 3429 1753 3542; x_wconf 79' lang='lat' dir='ltr'><strong>simpliciter</strong></span> <span class='ocrx_word' id='word_1_226' title='bbox 1780 3464 1970 3528; x_wconf 81' lang='lat' dir='ltr'><strong>convexus</strong></span> <span class='ocrx_word' id='word_1_227' title='bbox 1989 3448 2047 3529; x_wconf 92' lang='lat' dir='ltr'><strong>di·</strong></span> 
     </span>
     <span class='ocr_line' id='line_1_28' title="bbox 668 3533 2044 3664; baseline 0.024 -58"><span class='ocrx_word' id='word_1_228' title='bbox 668 3597 673 3606; x_wconf 90' lang='lat'><em>.</em></span> <span class='ocrx_word' id='word_1_229' title='bbox 702 3537 741 3616; x_wconf 91' lang='lat' dir='ltr'><strong>ci</strong></span> <span class='ocrx_word' id='word_1_230' title='bbox 767 3548 912 3636; x_wconf 88' lang='lat' dir='ltr'><strong>queat;</strong></span> <span class='ocrx_word' id='word_1_231' title='bbox 948 3533 1233 3636; x_wconf 84' lang='lat' dir='ltr'><strong>quum-scilicet</strong></span> <span class='ocrx_word' id='word_1_232' title='bbox 1257 3537 1298 3616; x_wconf 93' lang='lat' dir='ltr'><strong>in</strong></span> <span class='ocrx_word' id='word_1_233' title='bbox 1324 3535 1468 3646; x_wconf 80' lang='lat' dir='ltr'><strong>obelisci</strong></span> <span class='ocrx_word' id='word_1_234' title='bbox 1492 3537 1563 3621; x_wconf 85' lang='lat' dir='ltr'><strong>¹seu</strong></span> <span class='ocrx_word' id='word_1_235' title='bbox 1583 3548 1800 3649; x_wconf 77' lang='lat' dir='ltr'><strong>pyramidis</strong></span> <span class='ocrx_word' id='word_1_236' title='bbox 1831 3547 1938 3664; x_wconf 84' lang='lat' dir='ltr'><strong>(m)</strong></span> <span class='ocrx_word' id='word_1_237' title='bbox 1964 3556 2044 3638; x_wconf 89' lang='lat' dir='ltr'><strong>abit</strong></span> 
     </span>
     <span class='ocr_line' id='line_1_29' title="bbox 705 3638 2044 3772; baseline 0.017 -47"><span class='ocrx_word' id='word_1_238' title='bbox 705 3638 898 3749; x_wconf 83' lang='lat' dir='ltr'><strong>figuram,</strong></span> <span class='ocrx_word' id='word_1_239' title='bbox 930 3643 1011 3746; x_wconf 79' lang='lat' dir='ltr'><strong>&#39;qua</strong></span> <span class='ocrx_word' id='word_1_240' title='bbox 1050 3645 1196 3725; x_wconf 91' lang='lat' dir='ltr'><strong>ratione</strong></span> <span class='ocrx_word' id='word_1_241' title='bbox 1235 3666 1392 3748; x_wconf 90' lang='lat' dir='ltr'><strong>quoque</strong></span> <span class='ocrx_word' id='word_1_242' title='bbox 1430 3667 1589 3730; x_wconf 88' lang='lat' dir='ltr'><strong>vocatur</strong></span> <span class='ocrx_word' id='word_1_243' title='bbox 1627 3656 1778 3742; x_wconf 84' lang='lat' dir='ltr'><strong>conitus</strong></span> <span class='ocrx_word' id='word_1_244' title='bbox 1813 3681 1874 3742; x_wconf 83' lang='lat' dir='ltr'><strong>ex.</strong></span> <span class='ocrx_word' id='word_1_245' title='bbox 1914 3685 1966 3772; x_wconf 85' lang='lat' dir='ltr'><strong>gr.</strong></span> <span class='ocrx_word' id='word_1_246' title='bbox 2002 3664 2044 3748; x_wconf 90' lang='lat' dir='ltr'><strong>in</strong></span> 
     </span>
     <span class='ocr_line' id='line_1_30' title="bbox 702 3744 2046 3872; baseline 0.018 -41"><span class='ocrx_word' id='word_1_247' title='bbox 702 3744 924 3832; x_wconf 80' lang='lat' dir='ltr'><strong>Radbeckt&#39;a</strong></span> <span class='ocrx_word' id='word_1_248' title='bbox 961 3746 1054 3858; x_wconf 87' lang='lat' dir='ltr'><strong>(n)</strong></span> <span class='ocrx_word' id='word_1_249' title='bbox 1086 3776 1132 3832; x_wconf 80' lang='grc' dir='ltr'><strong>-ι,</strong></span> <span class='ocrx_word' id='word_1_250' title='bbox 1180 3748 1278 3860; x_wconf 73' lang='lat' dir='ltr'><strong>Ray.</strong></span> <span class='ocrx_word' id='word_1_251' title='bbox 1327 3750 1448 3835; x_wconf 83' lang='lat' dir='ltr'><strong>Prod.</strong></span> <span class='ocrx_word' id='word_1_252' title='bbox 1477 3771 1567 3864; x_wconf 83' lang='lat' dir='ltr'><strong>pag.</strong></span> <span class='ocrx_word' id='word_1_253' title='bbox 1611 3761 1700 3846; x_wconf 88' lang='lat'>181.</span> <span class='ocrx_word' id='word_1_254' title='bbox 1784 3765 1912 3872; x_wconf 85' lang='lat' dir='ltr'><strong>Hujus</strong></span> <span class='ocrx_word' id='word_1_255' title='bbox 1955 3769 2046 3855; x_wconf 84' lang='lat' dir='ltr'><strong>sane</strong></span> 
     </span>
     <span class='ocr_line' id='line_1_31' title="bbox 604 3853 2101 3982; baseline 0.02 -45"><span class='ocrx_word' id='word_1_256' title='bbox 604 3857 606 3860; x_wconf 80' lang='grc'><strong>’</strong></span> <span class='ocrx_word' id='word_1_257' title='bbox 701 3853 982 3964; x_wconf 84' lang='lat' dir='ltr'><strong>receptaculum</strong></span> <span class='ocrx_word' id='word_1_258' title='bbox 1023 3881 1047 3937; x_wconf 91' lang='lat' dir='ltr'><strong>e</strong></span> <span class='ocrx_word' id='word_1_259' title='bbox 1089 3860 1226 3962; x_wconf 83' lang='lat' dir='ltr'><strong>calycis</strong></span> <span class='ocrx_word' id='word_1_260' title='bbox 1265 3863 1481 3944; x_wconf 89' lang='lat' dir='ltr'><strong>communis</strong></span> <span class='ocrx_word' id='word_1_261' title='bbox 1518 3862 1596 3944; x_wconf 80' lang='lat' dir='ltr'><strong>basi</strong></span> <span class='ocrx_word' id='word_1_262' title='bbox 1634 3867 1785 3980; x_wconf 76' lang='lat' dir='ltr'><strong>surgent</strong></span> <span class='ocrx_word' id='word_1_263' title='bbox 1823 3880 2045 3982; x_wconf 80' lang='lat' dir='ltr'><strong>pyramiuali</strong></span> <span class='ocrx_word' id='word_1_264' title='bbox 2097 3929 2101 3934; x_wconf 94' lang='lat'>·</span> 
     </span>
     <span class='ocr_line' id='line_1_32' title="bbox 698 3961 2046 4095; baseline 0.019 -45"><span class='ocrx_word' id='word_1_265' title='bbox 698 3961 823 4052; x_wconf 80' lang='lat' dir='ltr'><strong>forma</strong></span> <span class='ocrx_word' id='word_1_266' title='bbox 850 3983 1049 4075; x_wconf 86' lang='lat' dir='ltr'><strong>tantopere</strong></span> <span class='ocrx_word' id='word_1_267' title='bbox 1078 3965 1117 4050; x_wconf 90' lang='lat' dir='ltr'><strong>se</strong></span> <span class='ocrx_word' id='word_1_268' title='bbox 1145 3972 1185 4051; x_wconf 91' lang='lat' dir='ltr'><strong>in</strong></span> <span class='ocrx_word' id='word_1_269' title='bbox 1213 3968 1330 4054; x_wconf 89' lang='lat' dir='ltr'><strong>altum</strong></span> <span class='ocrx_word' id='word_1_270' title='bbox 1360 3967 1450 4081; x_wconf 76' lang='lat' dir='ltr'><strong>(a)</strong></span> <span class='ocrx_word' id='word_1_271' title='bbox 1479 3973 1673 4086; x_wconf 84' lang='lat' dir='ltr'><strong>extendit,</strong></span> <span class='ocrx_word' id='word_1_272' title='bbox 1700 4000 1745 4066; x_wconf 89' lang='lat' dir='ltr'><strong>ot</strong></span> <span class='ocrx_word' id='word_1_273' title='bbox 1770 3985 1906 4092; x_wconf 83' lang='lat' dir='ltr'><strong>calytit</strong></span> <span class='ocrx_word' id='word_1_274' title='bbox 1934 3987 2046 4095; x_wconf 88' lang='lat' dir='ltr'><strong>squa-</strong></span> 
     </span>
    </p>
   </div>
   <div class='ocr_carea' id='block_1_7' title="bbox 0 0 2433 6164">
    <p class='ocr_par' dir='ltr' id='par_1_8' title="bbox 0 0 2433 6164">
     <span class='ocr_line' id='line_1_33' title="bbox 0 0 2433 6164; baseline 0 0"><span class='ocrx_word' id='word_1_275' title='bbox 0 0 2433 6164; x_wconf 95' lang='lat' dir='ltr'><strong> </strong></span> 
     </span>
    </p>
   </div>
  </div>
 </body>
</html>
