4802 6164
693 535 787 650 nge
987 515 1100 608 nn
1184 509 1728 613 oanrnroun

702 727 869 824 borum,
897 717 937 802 &
965 710 1155 820 planitiem
1185 709 1386 814 calycum;
1416 731 1438 790 a
1469 709 1635 793 radiarit
1662 729 1822 817 autem,
1876 719 1938 800 uia
1966 721 2050 806 nul·

702 831 748 916 lis
783 829 942 940 ligtdatis
978 817 1148 902 flosculis
1188 817 1327 924 gaudet
1345 847 1368 913 ,·
1399 817 1464 924 qui
1504 816 1633 903 srhic·
1668 822 1720 902 ita
1758 821 1831 906 ade
1859 847 1964 934 ent,
2008 851 2052 916 ut

704 965 802 1022 mox
833 941 873 1018 in
901 944 1039 1041 ptrorto
1072 925 1204 1008 ordine
1229 929 1455 1034 explicabo,
1483 930 1520 1009 ei
1538 947 1639 1012 cette
1657 925 1787 1012 forent
1802 935 2052 1045 accensendi,

735 1049 889 1132 uoniam
916 1037 1028 1142 hujus
1056 1037 1164 1118 tertii
1195 1036 1335 1117 ordinis
1367 1034 1533 1119 tubulosr
1563 1032 1711 1119 flosculi
1738 1061 1828 1124 cunr
1855 1047 1927 1148 iis,
1955 1070 2056 1151 quos

705 1077 871 1262 gequens
898 1143 1169 1251 conplectitur
1199 1143 1323 1246 orde,
1352 1146 1604 1228 conveniunt.
1647 1144 1771 1230 Haec
1791 1153 1906 1233 etiarn
1926 1154 2054 1240 caussa

705 1265 763 1350 est
791 1285 861 1346 cur
892 1257 1031 1356 ambo,
1059 1253 1206 1334 radiati
1233 1249 1379 1336 scilicet
1411 1277 1457 1335 ac
1485 1254 1579 1335 nudi
1591 1313 1605 1354 ,
1632 1255 1675 1336 in
1712 1255 1806 1339 duas
1838 1260 2055 1348 dividantur

536 1403 538 1406 ·
707 1367 845 1458 clalles
884 1355 1156 1474 discoilieorum
1195 1361 1301 1443 hunc
1344 1361 1499 1466 quidem
1535 1362 1577 1443 in
1615 1361 1779 1446 modum
1808 1390 1830 1448 a
1858 1365 2057 1456 BOER·

708 1481 754 1568 H
774 1485 812 1564 A
830 1475 933 1562 VE
976 1475 1017 1555 in
1055 1469 1141 1553 lnd.
1182 1467 1315 1552 Plani.
1351 1487 1445 1578 pag.
1485 1491 1554 1572 93.
1632 1533 1663 1576 ,‚
1703 1473 2056 1589 Gymnnmnnosper.

712 1654 744 1698 „
773 1611 857 1672 mac
905 1580 1112 1692 discr'fhmc
1154 1577 1377 1684 digeruntur
1422 1581 1463 1659 in
1521 1575 1627 1677 binas
1662 1577 1823 1688 classes,
1892 1608 2055 1690 quarum

712 1699 875 1804 „prior
932 1686 1203 1794 complectitur
1245 1689 1430 1790 plantas,
1504 1709 1669 1790 quarum
1719 1685 1835 1773 flores
1881 1695 2057 1802 discoi'dci

712 1873 743 1917 ‚‚
772 1804 953 1913 quidem,
982 1801 1034 1880 ita
1064 1815 1218 1899 tamen,
1245 1815 1292 1878 ut
1320 1793 1419 1878 ordo
1450 1789 1701 1878 flosculorum
1733 1801 1899 1883 exterior
1930 1827 1954 1886 e
1983 1803 2058 1889 flo-

713 1981 745 2024 ‚‚
772 1914 885 1996 sculis
921 1903 1164 2014 planipetalis
1204 1901 1394 2006 constet,
1432 1907 1497 2009 qui
1536 1902 1650 1988 instar
1680 1930 1848 1990 coronae
1886 1911 2056 1998 radiatae

713 2090 743 2134 ‚,
771 2040 943 2106 caeteros
973 2013 1065 2122 disci
1090 2010 1205 2096 flores
1231 2011 1541 2117 amplesluutur3
1570 2035 1762 2099 vocantur
1791 2015 1964 2126 discoi'dci
1993 2047 2058 2106 ro·

713 2149 745 2242 3,
774 2133 895 2215 dicti:
922 2129 1036 2208 altera
1063 2125 1237 2206 continet
1264 2117 1380 2204 flores
1410 2121 1602 2229 eosdem,
1629 2121 1698 2207 sed
1723 2125 1859 2210 ordine
1885 2132 2059 2236 planipe-

715 2242 937 2349 „talorum
974 2232 1118 2315 radiato
1158 2249 1371 2331 carentes3
1422 2251 1614 2318 vocantur
1657 2231 1886 2345 Discfioroc
1922 2245 2058 2324 nodoc

713 2410 745 2458 „
775 2343 896 2431 Cous.
924 2341 1053 2422 RAY
1079 2337 1204 2423 Meth.
1234 2339 1363 2424 Plant-
1385 2356 1474 2451 pag.
1497 2341 1595 2446 πῖθ’

770 2457 876 2540 Hinc
906 2449 1105 2532 discrimen
1129 2453 1319 2547 nudorum
1348 2473 1371 2530 a
1401 2451 1566 2532 radiarit
1596 2470 1729 2554 patet,
1758 2449 1945 2559 srquidem
1965 2455 2059 2541 nudi

713 2566 803 2650 sunt
822 2565 946 2658 tales,
976 2556 1044 2662 qui
1077 2582 1100 2640 e
1127 2559 1302 2661 plurimis
1331 2557 1519 2641 duntaxat
1538 2559 1728 2642 tubulosrs
1746 2555 1914 2644 flosculis
1932 2565 2062 2648 arulis·

713 2671 808 2760 flme
850 2665 1016 2774 conferti
1053 2689 1220 2770 aequam
1256 2663 1494 2774 superficiem
1532 2669 1630 2746 intra
1658 2663 1716 2746 sui
1752 2670 1893 2770 calycis
1922 2675 2059 2755 circui-

710 2804 797 2868 tum
836 2780 1040 2876 efficiunt,
1086 2775 1230 2856 horum
1269 2775 1490 2878 exemplum
1527 2773 1704 2855 videatur
1743 2775 1783 2855 in
1824 2775 2060 2886 Gnnphnlio,

714 2890 826 2995 'cujus
862 2883 981 2993 figura
1022 2875 1079 2961 est
1115 2883 1156 2958 in
1196 2881 1317 2962 Tnn.
1351 2881 1596 2984 8.·calycem
1635 2882 1753 2963 habet
1783 2887 2060 2989 rotundatum,

714 2997 959 3086 §noricorum
978 3053 992 3094 ,
1011 2984 1184 3096 squamis
1214 2988 1342 3070 ooolis
1371 2989 1692 3093 conniventibus,
1711 2987 1876 3100 strpernc
1902 2991 2062 3082 laxiori-

715 3113 797 3193 bus.
827 3103 945 3187 Lino.
977 3098 1072 3180 Gen.
1104 3092 1234 3178 Plani.
1255 3111 1346 3205 pag.
1379 3095 1471 3204 368.
1518 3093 1565 3178 In
1595 3123 1677 3202 quo
1712 3101 1843 3202 calyce
1869 3101 1980 3185 multi
2006 3106 2064 3190 in·

716 3207 1042 3302 fundibilifonnes
1072 3203 1237 3287 tubulati
1253 3205 1370 3309 quint
1390 3203 1569 3309 proxime
1589 3205 1660 3290 srbi
1688 3207 1951 3294 accrescentes
1968 3237 2065 3298 con·

718 3330 894 3412 tinentur
941 3315 1121 3418 flosculi,
1161 3315 1229 3418 qui
1272 3337 1443 3419 omnes,
1482 3333 1637 3421 praeter
1671 3341 1820 3423 paucos
1855 3313 2063 3428 femineos,

718 3435 924 3518 maximam
953 3447 1101 3529 partem
1130 3423 1218 3506 sunt
1244 3423 1554 3532 hcrmaphroditi.

777 3534 1024 3642 Chryfircoma
1052 3527 1144 3639 (g)
1176 3555 1213 3612 a.
1249 3529 1341 3640 Roy.
1369 3530 1489 3613 Prod.
1537 3555 1598 3638 og.
1632 3533 1723 3635 146.
1749 3531 1918 3620 consrstit
1943 3542 2059 3625 etiam

719 3675 744 3734 e
785 3641 951 3732 flosculis
987 3637 1307 3744 hemrnphroditis
1344 3662 1490 3745 compo
1506 3642 1604 3740 rtis,
1643 3645 1709 3746 qui
1749 3667 1883 3729 omnes
1918 3649 2061 3754 pariter

720 3747 1013 3864 quodammodo
1047 3765 1156 3828 extra
1185 3749 1322 3850 calycis
1347 3745 1519 3852 squamas
1547 3750 1588 3829 in
1624 3747 1784 3858 figuram
1822 3753 2061 3862 hemisphae-

720 3872 840 3951 ricam
875 3861 1055 3956 abeunt,
1095 3851 1174 3942 sese
1215 3858 1383 3937 invicem
1410 3881 1501 3960 prae
1533 3860 1649 3941 nimia
1677 3863 1919 3946 multitudine
1952 3890 2061 3949 com·

719 3977 954 4081 primentes‚
981 3983 1020 4048 at
1048 3989 1099 4045 ue
1134 3965 1267 4068 calyce
1292 3967 1410 4068 paulo
1429 3967 1645 4074 longiores,
1673 3969 1780 4053 unde
1795 3971 1900 4076 apud
1919 3971 2063 4058 LIN-

722 4077 906 4165 NAEU
920 4075 971 4156 M
998 3989 1054 4156 θῇ
1081 4071 1220 4156 corolla
1250 4073 1473 4184 compostto,
1510 4076 1715 4188 tribulosa,
1755 4078 1875 4192 calyce
1903 4080 2064 4192 longior.

711 4189 816 4278 ficn.
846 4184 974 4268 Plani.
1001 4198 1094 4292 pag.
1123 4185 1215 4286 364

1961 4297 2065 4385 Tan·

766 4539 830 4626 (g)
853 4531 963 4600 Tan.
979 4527 1010 4600 8.
1032 4532 1134 4632 ΕΜ.
