4794 6156
361 553 504 650 Sutilis
532 550 577 646 δι
606 549 761 664 ρήΐω
775 548 849 640 fiat
875 543 955 658 pio
986 535 1105 638 mere
1135 547 1290 648 corona
1326 523 1332 532 ⁵

257 813 265 828 ·
426 777 466 864 E
496 775 640 876 foliis,
684 774 793 860 festo
820 769 995 878 semper·
1009 777 1183 862 amoena
1212 774 1280 866 die
1301 739 1346 890 ,'

358 999 408 1091 In
437 1023 518 1110 qua
546 997 804 1104 squamatim
832 991 874 1082 le
899 993 1048 1082 nexilis
1073 993 1229 1084 exserat
1248 1002 1406 1110 ordo-3

426 1219 509 1310 Vel
537 1243 643 1331 quae
677 1215 882 1310 flexilibus
912 1217 965 1303 fit
990 1217 1155 1303 radlata
1188 1218 1345 1306 comist

358 1442 479 1534 Hanc
508 1441 583 1528 tibi
602 1499 617 1542 ,
635 1505 641 1518 .
661 1436 735 1543 qui
764 1460 898 1524 voves
933 1435 1018 1523 aliis
1046 1440 1270 1580 prodeffe,
1298 1371 1494 1538 meretur

426 1661 647 1750 Lautitiam
680 1585 876 1762 (lenius,
912 1655 1135 1744 sedulitate
1164 1662 1307 1762 duce;

357 1888 474 1978 Dum
503 1833 602 1991 {rigil
631 1880 675 1964 in
705 1879 885 1984 Sophiae
912 1901 1062 1984 campo
1091 1884 1313 1986 praeconia
1344 1880 1536 1989 quaeris,

428 2104 659 2234 Herbarum
686 2099 846 2186 medica
873 2104 1115 2210 cognitione
1145 2105 1297 2188 valens.
1388 2081 1392 2090 ’

360 2324 556 2425 Caetera,
585 2344 690 2428 quae
720 2317 882 2424 speres,
917 2342 998 2427 pro
1028 2322 1138 2408 votis
1168 2321 1298 2408 fausta
1328 2323 1580 2432 sequantur,
1702 2302 1709 2317 ’

317 2603 325 2622 .
427 2543 661 2666 Praesentes
688 2542 856 2633 veniant
884 2542 927 2630 in
955 2561 1029 2634 tua
1060 2563 1212 2652 coepta
1236 2545 1360 2638 Lares
1371 2537 1391 2640 ἶ

358 2766 497 2871 Felix,
533 2767 602 2853 cui
628 2767 748 2853 liceat
777 2791 916 2854 rerum
946 2767 1186 2874 perquirere
1213 2767 1368 2858 cauffas
1393 2829 1416 2872 ‚

426 2989 559 3095 Inque
590 2989 687 3078 usus
723 2929 839 3074 relle
862 3007 1031 3078 verterem
1051 2989 1170 3096 polle
1199 2987 1331 3094 suosp
1487 3002 1515 3036 ’-

356 3212 446 3300 Aut
475 3210 546 3296 cui
577 3213 787 3320 contingat
815 3212 1009 3300 Naturae
1032 3213 1158 3300 nuile·
1181 3213 1352 3300 labores

425 3427 645 3530 Artifices,
680 3429 773 3512 ditis
797 3453 873 3530 per
901 3435 986 3518 tria
1019 3433 1161 3546 Regna
1183 3435 1331 3521 Globil

356 3649 554 3746 Nobifius
584 3667 697 3736 certe
725 3644 826 3732 nihil
855 3649 943 3748 est;
979 3647 1050 3733 sed
1076 3651 1217 3739 Sidere
1245 3651 1346 3734 tristi

428 3871 534 3962 Non
560 3867 662 3956 mihi
690 3861 878 3956 Tritonis
910 3869 1002 3955 talia
1029 3864 1138 3958 d'ona
1167 3863 1285 3956 tulit:

360 4096 402 4188 0
430 4113 479 4180 ut
504 4095 600 4180 luce
629 4092 702 4178 sua
727 4027 875 4178 melitis
902 4085 1099 4179 lustrall'et
1125 4085 1286 4197 Apollo
1379 4221 1383 4229 ῃ

431 4313 632 4419 Mirum,
662 4337 749 4426 que
781 4313 869 4405 vidi
891 4310 1307 4425 luminepllnmdiel
