4794 6156
603 473 1456 614 auoocoonaa

343 769 444 865 pus,
491 781 588 872 quos
619 757 704 870 ipsa
731 751 951 864 coufirmat·
974 772 1137 868 natura,
1203 761 1394 872 Exempla
1415 759 1467 873 sc
1499 759 1526 876 (
1537 763 1704 864 neniam

337 921 482 1018 precor
511 900 602 983 huic
631 893 883 1008 digrcffloni)
919 897 991 980 Vir
1020 899 1127 982 modo
1149 899 1333 985 laudatus
1354 900 1700 1002 sWAMMERa

342 1039 508 1130 DAM:
543 1036 682 1150 Quam
695 1033 888 1151 sinpendd
917 1063 1004 1120 cum
1030 1037 1252 1146 sagacitate
1286 1065 1354 1124 nec
1384 1067 1460 1126 non
1472 1042 1612 1151 solerti
1632 1071 1705 1130 cu.

339 1181 394 1264 ro
420 1175 692 1266 admirabilem
723 1175 955 1286 Insedorum
980 1173 1166 1282 lustravit
1191 1179 1276 1264 vim
1298 1177 1345 1264 ἃ
1358 1175 1584 1291 fabricam,
1620 1207 1696 1270 va·
1740 1179 1744 1194 '

273 1297 276 1302 ⁵
336 1343 482 1428 guoque
505 1316 751 1429 sententias,
787 1339 887 1398 aaa
926 1315 1061 1401 multis
1097 1318 1189 1401 iude
1211 1317 1358 1426 seculis
1381 1318 1568 1404 literaria
1587 1319 1697 1434 quasi

267 1463 270 1467 ’
338 1459 551 1545 hereditate
587 1457 635 1538 de
678 1453 777 1544 libro
812 1453 856 1536 iu
895 1450 1043 1536 librum
1077 1457 1319 1542 corninuatoc
1356 1482 1508 1542 errores
1548 1457 1698 1568 liquido

338 1594 556 1708 cxpaficit‘i
602 1589 772 1706 Quanta
806 1617 894 1674 cum
922 1590 1053 1698 gloria
1071 1594 1128 1678 in
1159 1595 1243 1700 ejus
1277 1593 1696 1705 Arrimadverfiouibus

321 1735 483 1839 ,Apum
507 1733 669 1818 emicat
709 1730 950 1842 descriptio,
1001 1753 1117 1840 quam
1165 1730 1469 1844 iugeniofifflmus
1506 1731 1696 1820 REAU·

203 1917 213 1931 ·‹
336 1873 480 1965 MUR
492 1934 509 1984 ,
557 1872 623 1957 eui
652 1870 727 1953 nix
759 1870 880 1954 ullum
920 1870 1164 1966 inveniemus
1184 1888 1326 1982 parem
1338 1933 1352 1975 ‚
1382 1872 1471 1981 stris
1506 1871 1551 1954 in
1595 1871 1694 1983 Ope-

335 2012 450 2104 ribus
485 2005 535 2116 esi
567 2005 774 2094 imitatus:
819 2009 961 2092 Nonne
998 2009 1113 2118 opstat
1156 2035 1300 2120 quoque
1330 2009 1694 2118 investigationibus

339 2151 532 2242 iurrititur
553 2144 744 2258 quiema,
772 2145 826 2228 de
836 2145 1000 2231 Infestis
1017 2170 1043 2230 a
1066 2146 1276 2266 Clartffimo
1299 2149 1393 2233 Vtro
1413 2145 1701 2270 LINNAEQ

336 2285 638 2401 conscriptum?
1533 2309 1535 2316 ’
1610 2353 1616 2359 .

401 2430 552 2538 Ecquis
579 2421 897 2538 praestantissimi
936 2425 1026 2512 Vtri
1057 2424 1190 2543 BOE
1204 2427 1301 2514 RH
1314 2428 1461 2516 AVE
1494 2450 1606 2537 quem
1646 2429 1701 2522 itt

333 2569 488 2678 operosd
531 2567 749 2650 medentum
783 2565 888 2648 Arte
931 2571 1087 2652 tantiam
1131 2591 1208 2650 uon
1237 2567 1489 2676 agnoscamus
1527 2567 1690 2651 Princi-

300 2722 454 2814 pem,
499 2711 700 2791 aeteruum
729 2703 1022 2815 praedicandas
1054 2706 1212 2813 ignorat
1246 2704 1499 2814 Indagiues‘i
1542 2707 1700 2792 Nonne

320 2844 454 2958 scogax
480 2843 704 2946 Medicus,
730 2843 950 2954 sapientiae
974 2843 1061 2954 sale
1086 2844 1259 2929 imbutus
1289 2845 1552 2944 Chemicus‚
1591 2861 1690 2956 per«

319 2981 464 3097 spicae
498 2983 724 3070 Botanieus
765 2979 894 3092 fictori
938 2983 1127 3091 cogitur,
1161 2987 1264 3069 huuc
1296 2986 1436 3070 Virum
1470 2981 1575 3067 nihii
1612 3011 1685 3072 nn·

297 3225 299 3230 ¹
329 3149 446 3230 quam
473 3118 675 3232 tradidrffl
704 3182 718 3222 ,
755 3122 830 3232 ms
846 3123 951 3231 quod
975 3119 1199 3232 marnsesiac
1224 3125 1394 3210 Veritati
1417 3117 1504 3231 effer
1530 3121 1703 3232 constaru-

328 3261 525 3344 tamum?
561 3260 665 3346 Talis
695 3257 745 3367 esi
770 3263 1001 3364 methodus,
1037 3287 1114 3372 qua
1137 3263 1439 3350 Macrocosmo
1461 3259 1688 3368 ingenitam

330 3398 525 3482 Virtutem
567 3397 864 3506 perscrutantes
902 3400 959 3482 ad
976 3400 1190 3510 pleniorem
1228 3401 1504 3490 Microcosmi
1528 3403 1683 3491 demum

327 3537 569 3622 adducemur
600 3534 852 3640 cognitionem
875 3537 893 3616 i
938 3534 1025 3618 Hoc
1038 3542 1138 3648 pede
1172 3566 1280 3624 meuc
1300 3540 1537 3650 digmffimus
1556 3539 1682 3626 Prae·

326 3685 480 3788 ceptor,
515 3672 706 3784 quaelibet
731 3667 924 3780 rciirfflme
953 3674 1263 3783 contemplatus,
1308 3677 1500 3782 quidquid
1527 3679 1571 3760 in
1593 3704 1682 3764 con·

320 3812 416 3926 fefflo
441 3809 517 3920 esi,
545 3811 755 3923 proponit,
783 3811 972 3916 ambigua
1004 3812 1048 3897 iu
1082 3813 1205 3898 madio
1236 3812 1415 3922 linquit,
1448 3807 1557 3922 sitista
1589 3816 1684 3928 ooo,

323 3957 403 4055 let,
440 3975 541 4040 vera
569 3947 786 4059 confirmat.

393 4091 530 4200 Hujus
562 4091 731 4202 proinde
773 4090 981 4190 umbram,
1004 4088 1174 4199 filicem
1197 4101 1386 4201 tanquam
1419 4114 1440 4174 e
1471 4090 1682 4201 longinquo]

315 4231 457 4346 sequi,
484 4226 641 4339 felicem
673 4229 771 4312 mihi
784 4229 1018 4341 promittere
1040 4227 1252 4342 ficeccffum
1288 4229 1446 4330 audeo,
1482 4231 1678 4344 flanona

325 4389 403 4460 tcm
433 4385 659 4480 tenuemque
689 4389 794 4454 meae
824 4364 1122 4482 Dissertatiouis
1153 4370 1339 4484 Cynicam
1372 4384 1573 4460 tantorum
1609 4371 1680 4468 m,

929 4643 932 4650 Ι
1053 4505 1146 4624 to.
1610 4523 1681 4624 roo
