4802 6164
426 575 512 667 DE
540 561 860 660 SEMINIBUS
884 557 1224 684 uoRUMQuE
1253 571 1615 664 DISCRIMINE.
1671 583 1720 671 81

366 771 548 882 quamvis
578 765 717 852 eorum
749 761 777 846 fi
830 785 871 846 ra
906 760 992 847 fere
1017 773 1115 848 'cum
1142 766 1322 874 proxime
1348 771 1542 875 explicatis
1567 772 1715 861 conve·

363 889 467 984 niat,
494 881 653 961 nonita
684 871 741 956 est
791 868 1007 981 eparabilis:
1048 877 1089 956 in
1105 872 1313 957 seminibus
1339 875 1451 984 Disc'i
1469 884 1574 964 nulla
1591 907 1715 968 mem·

359 998 480 1077 brana
505 985 635 1083 adest3
664 1006 804 1096 verum
834 982 912 1065 hoc
942 981 1072 1065 semen
1101 982 1209 1092 (m)
1239 1002 1379 1088 utpote
1399 988 1561 1094 longum
1578 997 1711 1076 utrim-

356 1111 438 1208 tq'ue
467 1094 819 1199 habet'marginem
847 1089 1024 1174 serratam
1052 1090 1179 1202 (a),
1209 1115 1309 1196 quae
1330 1117 1401 1199 per
1427 1097 1710 1201 longitudinem

359 1209 512 1296 seminis
540 1204 750 1286 decurrens
771 1259 784 1298 ‚
817 1197 954 1282 definit
971 1202 1013 1282 in
1031 1225 1216 1285 coronam
1233 1199 1300 1282 seu
1324 1203 1579 1307 perianthium
1599 1211 1713 1310 quin·

363 1314 673 1424 que-dentatum
714 1307 837 1416 (o);
879 1308 976 1392 haec
1013 1331 1143 1393 autern
1180 1333 1327 1394 corona
1367 1309 1422 1392 est
1455 1314 1495 1393 in
1526 1315 1637 1417 apice
1657 1314 1715 1397 se·

355 1428 501 1527 minis,
529 1419 637 1525 quod
665 1413 814 1500 idcirco
837 1417 878 1497 in
908 1415 1025 1500 Lina.
1056 1419 1151 1502 Gan.
1179 1417 1310 1501 Plana.
1332 1435 1423 1528 pag.
1455 1421 1505 1524 38
1512 1444 1549 1523 5.
1577 1421 1716 1505 descri-

360 1539 464 1622 bitur
493 1531 688 1630 obloagam
718 1525 894 1630 margine
929 1524 1043 1630 insisti
1083 1523 1266 1620 multifido
1303 1543 1537 1612 coronatam.
1597 1530 1716 1614 Semi·

362 1670 414 1728 na
443 1635 535 1751 (p)
563 1638 681 1720 etiam
709 1657 732 1716 a
754 1632 923 1741 flosculis
942 1631 1098 1741 feminis
1130 1637 1170 1719 in
1207 1633 1334 1722 Radia
1368 1633 1558 1740 produdia
1596 1643 1716 1723 maxi·

362 1777 428 1836 me
458 1775 481 1832 a
508 1745 790 1852 superioribus,
816 1743 858 1822 in
879 1741 993 1851 Disco
1014 1743 1317 1849 prodeuntibus,
1345 1745 1540 1829 differunt.
1595 1747 1710 1834 Haec

365 1859 538 1944 enimin
566 1856 807 1935 membranas
829 1851 1013 1934 latilirmas
1043 1849 1137 1962 (q)
1167 1853 1466 1961 extenduntur,
1502 1879 1603 1960 quae
1630 1880 1715 1942 non

369 1970 459 2054 sunt
484 1965 643 2046 ferratae
671 1979 719 2044 ut
747 1957 890 2040 semina
914 1962 955 2042 in
984 1960 1123 2071 Disc03
1151 1983 1282 2044 earum
1314 1965 1418 2044 enirn
1454 1964 1648 2071 margines
1674 1968 1716 2050 iu

367 2077 564 2184 planitiem
592 2068 669 2153 lese
700 2067 960 2151 extendentes
984 2069 1156 2152 rotundo
1184 2087 1297 2154 acute
1323 2069 1534 2153 'delmuna
1589 2071 1719 2156 Coro-

367 2209 419 2270 na
448 2203 577 2266 tamen
608 2179 723 2262 etiam
754 2199 778 2258 e
809 2178 981 2284 quinque
1011 2178 1214 2261 denticulis
1241 2176 1336 2287 (r)
1373 2175 1591 2264 constat&
1620 2204 1715 2286 pau·

367 2297 410 2386 lo
447 2291 606 2395 amplius
634 2290 675 2368 in
712 2284 952 2368 latitudinem
991 2290 1152 2394 vergit,
1182 2309 1299 2392 quam
1328 2289 1496 2370 aliorum
1524 2284 1716 2376 seminum

369 2424 575 2500 coronae,
605 2394 776 2503 superius
800 2393 881 2498 jam
908 2415 1157 2480 memoratae.
1224 2394 1339 2480 Haec
1366 2394 1536 2480 feminea
1571 2396 1717 2484 semina

367 2509 582 2620 specialiter
612 2507 754 2586 iterum
782 2505 823 2584 in
850 2497 969 2587 Lina.
1001 2506 1096 2588 Gra.
1122 2501 1258 2587 Plaat.
1286 2502 1477 2612 descripta
1505 2508 1718 2592 inveniun.

366 2640 431 2706 tur
457 2609 681 2726 compreffa,
708 2611 884 2717 margine
908 2614 1101 2720 utrimque
1124 2611 1302 2720 secante,
1331 2629 1515 2698 coronata
1543 2620 1719 2722 margine

358 2728 487 2836 flmili.
543 2722 827 2804 Verumtamen
855 2717 969 2824 hujus
997 2721 1150 2804 seminis
1179 2745 1326 2803 corona
1355 2721 1604 2806 edenticulis
1624 2748 1719 2807 con·

367 2833 492 2938 sistit,
531 2835 572 2920 dc
612 2853 744 2940 margo
784 2826 842 2911 est
879 2831 1183 2933 membranula,
1224 2853 1323 2938 quae
1353 2854 1436 2915 non
1464 2831 1621 2916 dentata
1649 2830 1720 2916 sed

366 2965 483 3034 acuta
508 2940 658 3026 definit.

422 3053 640 3156 Hucusque
678 3054 793 3159 igitur
825 3052 1002 3158 exempla
1041 3051 1150 3134 attuli
1178 3067 1263 3132 tum
1302 3051 1468 3135 duorum
1495 3049 1718 3156 specialium

368 3161 556 3246 seminum
583 3163 624 3242 in
653 3183 735 3242 uno
760 3159 919 3264 calyce,
957 3177 1044 3240 tum
1072 3161 1222 3240 seminis
1251 3157 1360 3242 alati.
1425 3159 1510 3263 Jam
1548 3158 1718 3264 sequitur

366 3270 592 3372 exemplum
621 3265 803 3366 seminis,
831 3265 940 3368 quod
969 3285 1134 3368 quatuor
1160 3268 1306 3370 angulis
1345 3263 1430 3373 (s)
1467 3269 1508 3348 in
1550 3267 1717 3352 totidem

369 3375 642 3464 membranulis
671 3374 919 3462 terminatur,
948 3371 1044 3452 adeo
1075 3391 1121 3454 ut
1149 3369 1191 3451 in
1219 3371 1299 3451 basa
1325 3375 1364 3456 dc
1407 3376 1517 3481 apice
1545 3373 1718 3482 angusta·

370 3507 455 3573 tum
480 3485 520 3568 dc
549 3475 809 3585 inpunitum
847 3475 931 3585 (t)
968 3503 1199 3560 concunens
1233 3477 1407 3586 figuram·
1426 3507 1518 3564 cum
1547 3504 1717 3590 quatuor

369 3599 436 3681 alis
472 3588 643 3693 referat,
679 3585 739 3671 uti
768 3585 903 3669 videre
941 3583 997 3668 est
1036 3589 1078 3666 in
1116 3584 1259 3668 semine
1290 3587 1513 3699 Coreopstdis
1558 3617 1592 3674 1.
1620 3591 1720 3702 Ray.

368 3707 488 3791 Prod.
508 3719 602 3811 pag.
637 3699 724 3782 181.
754 3695 818 3778 cui
848 3717 994 3776 nomen
1020 3691 1076 3776 est
1106 3693 1379 3798 orbiculatam,
1408 3699 1503 3780 dum
1530 3703 1719 3806 margines
1834 3795 1840 3806 ,

367 3813 512 3899 selein
540 3812 674 3892 orbem
701 3803 940 3911 sphaericum
975 3800 1219 3906 extendunt,
1248 3801 1289 3884 id
1318 3804 1427 3910 quod
1444 3826 1572 3888 tamen
1599 3831 1716 3890 cunc·

369 3927 420 4006 tis
446 3920 560 4026 hujus
590 3917 739 4027 generis
767 3913 973 3996 seminibus
1002 3912 1103 3995 haud
1128 3914 1327 4017 propn‘um
1359 3911 1425 3996 eli.
1489 3915 1610 3996 Porro
1638 3915 1717 3998 hoc

369 4031 500 4117 semen
536 4030 575 4110 in
613 4023 732 4110 Lina.
773 4023 868 4106 Gen.
896 4019 1028 4105 Plana.
1056 4037 1149 4130 pag.
1180 4023 1273 4124 388.
1302 4019 1475 4106 distinibe
1503 4025 1563 4106 his
1591 4023 1718 4214 vergis

1191 4210 1197 4222 .
1398 4191 1404 4202 ·
1680 4155 1720 4216 e·
1815 4197 1817 4204 .
