4794 6156
661 521 727 650 aa
908 513 1789 634 uuurrzraerrro:

669 715 866 820 decurrit,
893 713 1000 798 unde
1027 713 1145 822 ipsius
1173 713 1328 810 flosculi
1355 727 1643 836 longitudinem
1668 737 2024 862 sempetercoditu

670 824 787 930 cujus
819 827 959 908 tubum
988 827 1029 910 in
1057 825 1241 916 tabulatis
1271 831 1550 946 lonrifflmum,
1588 847 1629 928 in
1646 867 1862 938 *centaurea
1880 855 2024 962 filastr-

669 960 767 1030 mem
787 932 881 1044 (q)
902 930 980 1014 eise
999 933 1079 1038 jam
1099 944 1300 1024 annotavit
1326 944 1420 1028 Vid.
1443 947 1543 1054 Cap.
1565 949 1614 1038 K
1643 953 1674 1035 sr
1701 979 1795 1068 ergo
1824 969 1942 1064 tubus¹
1964 977 2025 1058 ob

669 1041 777 1136 suam
812 1045 1044 1127 tenuitatem
1082 1067 1127 1129 uc
1162 1043 1447 1138 flexibilitatem
1482 1057 1563 1164 iam
1601 1086 1768 1152 vocatur
1794 1068 2023 1186 filisormir,

671 1137 783 1238 tanto
811 1153 931 1257 magis
960 1151 1057 1240 haec
1085 1152 1294 1261 descriptio
1325 1164 1554 1268 quadratio
1584 1169 1712 1258 stilum
1751 1175 1878 1289 (r),
1907 1194 2020 1296 quip-

666 1283 720 1364 pe
752 1262 820 1362 qui
857 1261 898 1340 in
940 1253 1040 1345 tubo
1080 1267 1334 1354 teneretur:
1394 1271 1518 1382 Quod
1551 1303 1752 1388 praeterea
1776 1309 1937 1396 propter
1963 1297 2019 1384 fiii

514 1421 517 1425 .
666 1365 952 1470 surrilitudiuem
970 1366 1170 1474 silueritis
1200 1375 1380 1485 dicauit,
1408 1383 1501 1468 binc
1528 1392 1674 1497 absque
1701 1396 1823 1480 dubio
1850 1403 2019 1494 caussam

663 1477 808 1578 habet,
836 1477 945 1582 quod
975 1477 1253 1568 sesecundum
1283 1487 1398 1594 ipsrus
1426 1496 1511 1576 tubi
1537 1497 1943 1602 positionemfleuat.
2015 1571 2020 1580 ·

671 1657 683 1674 ,
722 1584 846 1666 Porro
864 1585 987 1690 'qubd
1027 1588 1147 1677 Stilus
1176 1595 1216 1674 in
1256 1595 1429 1682 themate
1463 1602 1698 1717 describatur
1732 1619 1876 1719 cresim
1902 1623 2016 1736 (r),
2115 1631 2121 1643 “

661 1691 741 1796 lroc
772 1716 911 1776 verum
944 1689 1070 1779 estin
1102 1703 1285 1788 usuaribus
1315 1707 1488 1813 tubulosts
1516 1711 1686 1802 floscmit
1713 1719 1836 1834 (t),
1877 1737 1942 1838 qui
1973 1741 2015 1818 in

663 1803 845 1888 radiarit·
852 1803 1003 1902 discum
1034 1829 1269 1912 occupaut3
1308 1813 1348 1896 hi
1379 1821 1518 1926 enim,
1555 1829 1625 1930 qui
1660 1833 1892 1940 plerumque
1929 1846 2019 1930 bre·

663 1909 796 2012 riores
826 1910 940 2014 suot,
972 1935 1088 2018 quarn
1119 1921 1188 2021 qui
1217 1923 1400 2030 capitatus
1426 1923 1637 2040 fererant,
1665 1941 1783 2042 plane
1809 1959 2018 2057 perpendi-

660 2022 807 2108 culares
834 2019 921 2108 suut
950 2022 991 2112 δι
1019 2023 1177 2128 crecti,
1216 2052 1262 2114 ac
1304 2056 1391 2116 eam
1419 2037 1472 2118 ob
1513 2046 1702 2134 rationem
1739 2055 1858 2137 etiam
1885 2057 2017 2148 stilusr

661 2125 708 2210 ln
736 2129 911 2234 tubulostt
938 2150 1109 2220 attamen
1136 2159 1187 2218 ex
1206 2163 1424 2226 memorato
1442 2144 1709 2259 Capitetorum
1731 2161 1890 2270 ordine,
1918 2197 2014 2278 pau·

661 2239 717 2322 cis
758 2243 968 2348 exceptis,
1004 2238 1079 2324 stili
1116 2249 1283 2334 maxime
1322 2245 1535 2342 fleetuntur
1571 2261 1693 2374 (u).·
1746 2265 1903 2361 Horum
1939 2277 2015 2367 flo-

661 2343 861 2442 sculorum
892 2349 1012 2451 tubi,
1045 2373 1096 2440 ex
1124 2377 1259 2442 eorum
1290 2360 1461 2466 globusrs
1488 2372 1687 2474 calycibus
1714 2375 1943 2490 surgentes,
1969 2391 2011 2478 se

663 2479 801 2542 omnes
838 2451 926 2540 fere
964 2459 1178 2550 extrorsum
1219 2460 1422 2575 flemme,
1458 2477 1498 2561 dc
1538 2478 1699 2584 quidem
1726 2489 1767 2568 iu
1796 2491 1902 2579 hunc
1927 2525 2013 2583 mo·

660 2563 790 2668 dum:
845 2564 1123 2675 intermino
1155 2575 1337 2660 accrescit
1367 2581 1494 2666 redius
1523 2612 1650 2694 usque
1677 2593 1728 2676 ud
1754 2595 2015 2698 summitatem

659 2676 822 2778 calycis,
850 2677 919 2758 ubi
951 2700 1074 2782 quum
1101 2678 1143 2764 se
1174 2683 1366 2770 reflexerit
1391 2696 1766 2808 penmanetflexus,
1795 2711 1923 2801 donec
1939 2719 2018 2806 fio·

658 2779 769 2866 seuld
807 2781 942 2890 paratu
977 2785 1030 2868 'ud
1069 2791 1298 2897 aperiendas
1326 2796 1432 2882 limbi
1457 2805 1613 2891 lacinias
1629 2813 1680 2896 ’δι
1765 2819 1894 2904 llinem
1921 2853 2011 2932 pro·

657 2891 885 3002 pellendum
923 2896 1062 2989 iterum
1098 2896 1142 2984 se
1178 2905 1318 3010 erigit,
1354 2905 1421 2990 sed
1448 2933 1543 2993 mox
1579 2841 1783 3006 introrffin
1810 2929 1940 3014 denuo
1968 2937 2013 3021 se

657 3003 860 3101 incurvat,
887 2999 942 3086 itu
971 3021 1017 3086 ut
1044 3025 1138 3092 tunc
1160 3011 1401 3099 anchorarum
1430 3022 1629 3124 cylindrus
1654 3029 1694 3113 δι
1711 3030 1844 3144 stigma
1861 3043 2012 3132 redium

654 3107 1181 3354 recllgmlggtuffiiimiluffuiim
1208 3245 1262 3357 ut·
1280 3192 1362 3334 jam
1388 3232 1430 3318 in
1456 3221 1641 3345 superiori
1654 3339 1657 3346 Δ
1670 3249 1813 3358 Capite
1852 3259 1907 3342 de
1930 3261 2009 3368 sta-

653 3331 821 3420 minibus
850 3335 1070 3434 annotavi,
1109 3330 1183 3418 still
1210 3361 1336 3426 minus
1371 3343 1470 3431 stant
1496 3353 1647 3458 metii,
1687 3369 1871 3464 quoniam
1899 3395 1921 3453 a
1948 3375 2013 3458 su-

649 3435 987 3638 bituiti?
1004 3437 1756 3663 iibiiuuimbbiib
1773 3481 2007 3677 iiiiii

648 3664 724 3750 tier
749 3659 801 3742 nil
828 3571 899 3742 gest
927 3655 1101 3769 stigmata
1126 3686 1151 3747 e
1181 3667 1305 3775 ligulis
1335 3675 1426 3784 erigi
1453 3637 1664 3766 videamus⁹
1682 3685 1805 3799 (ru).
1906 3616 1933 3698 q

701 3765 898 3874 Respeiiu
921 3766 1107 3874 germinis
1137 3794 1273 3862 aretem
1300 3777 1412 3879 [iilos
1440 3785 1513 3870 dici
1540 3791 1672 3894 potest
1698 3801 1876 3904 cudat,
1910 3808 2012 3895 dum.

648 3878 778 3992 ipsum
814 3901 976 3990 germen
1013 3885 1055 3968 in
1093 3890 1339 3994 receptaculo
1369 3889 1410 4026 se
1439 3899 1594 4008 erigens
1620 3897 1748 3988 stilum
1774 3919 2001 4023 protrudit,
