4794 6156
686 445 785 576 Me
805 472 963 568 tamen,
998 479 1046 552 ut
1071 459 1228 572 Jaceam
1259 470 1453 591 inferius,
1490 489 1596 593 bene
1616 500 1758 608 vivere
1796 533 1961 652 credas,
2039 593 2047 606 -

776 679 874 768 Sors
903 685 1035 769 modo
1063 693 1272 800 pennittat
1305 725 1426 792 caeca
1452 710 1577 806 latere
1605 725 1735 834 bene,

702 892 843 1012 Seque
874 905 977 991 meis
1005 909 1113 1002 curis
1143 913 1306 1004 facilem
1334 923 1405 1012 det
1434 926 1623 1028 Numine
1641 945 1793 1062 Musa,

770 1125 933 1234 Egregii
963 1150 1198 1234 quanquam
1228 1138 1298 1230 vix
1319 1146 1419 1248 quid
1440 1151 1609 1247 honoris
1631 1169 1790 1264 habent

1043 1432 1706 1560 PHUSEOPHILUS.

577 1685 594 1731 ψ,
689 1643 760 1736 sic
790 1645 932 1748 trahit,
967 1646 1145 1756 ingenue
1171 1661 1326 1768 fateor,
1364 1668 1433 1759 sua
1467 1673 1693 1795 quemque·
1708 1703 1922 1821 voluptas,

583 1897 585 1904 ⁴
759 1867 851 1951 Imo
873 1866 964 1953 aliis
997 1871 1070 1954 alia
1100 1831 1311 1978 quaeritur
1337 1893 1441 1982 Arte
1471 1904 1624 1994 decus:

685 2082 769 2196 Me
789 2095 890 2176 vero
909 2113 1124 2197 nunquam
1156 2105 1292 2208 capiet
1319 2135 1436 2221 mage
1465 2126 1616 2230 gloria,
1654 2141 1827 2238 quamsi

754 2307 967 2418 Cecroplo
990 2314 1113 2402 detur
1137 2325 1255 2425 poffe
1284 2332 1451 2433 placere
1483 2343 1657 2454 Choro;

678 2518 855 2644 ¹impigra
885 2536 986 2622 dum
1017 2537 1180 2630 Rerum
1210 2547 1407 2646 Geuem‘x
1439 2587 1509 2648 me
1528 2568 1712 2682 suscitat,
1733 2583 1865 2694 ullum

751 2749 872 2838 Vitae
900 2777 954 2839 ne
982 2774 1148 2864 tempus
1173 2767 1397 2868 defidiosus
1429 2809 1565 2892 agam:

674 2957 818 3079 Ergo,
853 2976 1028 3064 hederae
1049 2992 1241 3094 exemplo
1262 2998 1335 3102 qui
1355 2998 1488 3092 semor
1506 3011 1655 3102 fronde
1675 2977 1847 3128 sequaci.

743 3191 944 3302 Robora,
980 3201 1116 3292 adeste
1143 3210 1244 3298 mihi
1268 3217 1453 3330 Phoebe,
1487 3229 1715 3346 Manava,
1752 3229 1900 3360 Ceras!
2027 3253 2037 3264 '

1044 3452 1637 3631 P'Jaauouusua.
1709 3474 1713 3482 ⁵

661 3703 747 3832 ὣς
773 3721 893 3814 etiam
919 3729 1151 3836 auspicibus
1176 3741 1249 3832 tibi
1279 3749 1408 3856 pam'a
1431 3756 1564 3846 fistula
1589 3764 1749 3876 surgat,·

731 3943 841 4066 Quo
864 3949 1025 4039 Batavis
1050 3977 1187 4046 cantes
1209 3963 1364 4074 laetus,
1399 3991 1448 4064 ut
1471 3996 1591 4085 ante,
1626 3985 1789 4090 modia!

953 4247 1224 4384 Joauuas
1261 4271 1659 4382 cuammauus
1695 4295 1948 4408 Scuuaz:
