4794 6156
647 415 765 567 uc
816 424 1417 604 srrmlurrus.
1653 503 1705 594 52

352 670 518 758 e‘rubo
556 667 793 769 velc0110‚
830 667 975 772 partim
1004 686 1029 746 e
1063 664 1203 770 ligulae
1230 665 1312 752 bast
1346 665 1416 752 seu
1449 671 1571 758 limbo
1600 671 1701 786 (l):,

353 783 401 866 In
428 775 602 887 tubulufis
628 773 805 884 perfecte
829 800 880 860 ex
907 773 1142 858 latiniacum.
1157 773 1238 857 bast
1265 772 1372 887 (ln)
1401 802 1625 892 emergunt.»
1659 783 1707 870 ln

348 887 523 976 flosculis
557 889 646 971 tulo
683 881 868 992 destitutis
908 903 997 966 raro
1034 877 1189 966 adsunt.
1241 883 1402 971 Notatu
1430 915 1590 998 quoque
1620 893 1704 1001 dig·

348 1023 444 1082 mnu
468 993 549 1099 est,
579 996 688 1102 quod
713 997 755 1077 in
792 995 1008 1078 Centaurea
1036 992 1075 1074 8.
1105 985 1202 1104 Ray.
1220 997 1336 1102 prod.
1355 1014 1450 1106 pc.
1483 1025 1573 1106 139.
1600 1005 1641 1087 dc
1659 1000 1704 1086 id

349 1133 472 1216 genus
500 1108 676 1216 pluribus
704 1102 901 1188 filamenta
928 1125 979 1185 ex
1010 1099 1162 1186 hirsutis
1189 1103 1301 1186 Villis
1327 1023 1571 1193 confidentia
1589 1109 1703 1198 limbi

348 1217 510 1410 Fguram
539 1215 769 1408 ffip'iant,
807 1215 849 1299 dr
878 1235 902 1295 a
938 1209 1061 1294 limbo
1096 1209 1268 1320 separata
1295 1235 1421 1321 usque
1463 1216 1514 1302 ad
1541 1238 1701 1328 germen

366 1353 388 1410 e
419 1345 539 1410 exten
616 1343 646 1407 t.
1161 1397 1165 1406 ,
1505 1366 1531 1412 -,
1695 1383 1702 1418 ,.

402 1433 622 1518 Filumenta
646 1454 766 1540 porro
795 1425 897 1513 stant
925 1425 1079 1533 ereda,
1107 1428 1278 1533 quodam
1305 1453 1438 1518 autem
1467 1436 1614 1519 intuitu
1644 1440 1698 1524 ab.

353 1543 520 1628 antheris
551 1539 640 1626 sunt
665 1541 836 1648 pendula
864 1534 993 1648 (n),
1029 1535 1070 1620 id
1097 1537 1206 1642 quod
1235 1541 1439 1647 videmus,
1467 1544 1498 1627 sr
1524 1544 1703 1636 anthera

350 1677 438 1736 rum
466 1650 677 1756 Cylindrus
704 1653 843 1735 leviter
871 1645 1003 1730 versus
1030 1644 1249 1732 Corollulae
1277 1655 1421 1736 collum
1442 1653 1698 1762 deprimatur:

349 1763 468 1846 Tunc
496 1763 601 1846 enim
626 1758 820 1844 firmenta
851 1756 891 1840 se
921 1774 969 1838 ut
996 1755 1226 1840 tenuillimas
1254 1763 1294 1846 dt
1319 1761 1469 1844 debiles
1489 1759 1699 1847 ostendunt

347 1869 487 1976 fibras,
517 1891 617 1974 quae
634 1869 808 1954 antheras
824 1889 877 1949 ne
897 1865 981 1946 ullo·
995 1862 1152 1968 quidem
1170 1868 1294 1954 modo
1315 1866 1498 1956 sustinere
1516 1890 1698 1984 queunt,

348 1978 447 2079 misr,
475 1997 522 2062 ut
548 1977 627 2083 lam
655 1977 826 2077 notavi,
854 1971 1066 2078 adjuvante
1094 1970 1247 2078 pistillo.
1442 2027 1475 2048 -.
1606 2057 1611 2066 ,

403 2087 627 2188 Auchetae,
654 2088 771 2178 altera
788 2107 905 2168 'nunc
935 2081 1186 2166 examinanda
1216 2082 1382 2170 staminis
1408 2111 1528 2194 pars,
1555 2085 1700 2198 polline

344 2197 569 2303 grauidae,
621 2220 705 2280 uem
733 2207 911 2278 maturae
940 2189 1174 2292 demittunt,
1200 2217 1276 2300 pro
1293 2193 1361 2278 sua
1379 2193 1611 2306 figuratione
1629 2196 1703 2282 de·'

346 2303 563 2388 scribuntur
592 2220 789 2406 sinceres,
824 2301 998 2404 eraclae,
1028 2298 1213 2385 lateribus
1234 2303 1392 2388 coelicae
1410 2307 1452 2388 in
1483 2305 1698 2416 cylindrum

345 2413 586 2514 lubuhtum,
612 2415 1000 2523 quinquennium,
1027 2407 1261 2516 longitudine
1287 2413 1405 2496 limbi.
1694 2482 1697 2488 .

403 2518 569 2625 Caussa,
597 2545 668 2608 cur
696 2519 894 2606 Antheme
924 2515 1100 2602 dicantur
1128 2517 1315 2622 lincares,
1343 2525 1393 2606 ab
1423 2545 1557 2606 earum
1572 2525 1698 2632 longif

345 2633 480 2718 tudine
502 2632 732 2716 derivatus:
769 2627 799 2712 ss
829 2629 935 2739 enim
961 2628 1118 2711 unicam
1149 2630 1373 2733 audieram,
1405 2633 1454 2714 ab
1479 2633 1559 2715 aliis
1587 2629 1699 2739 sepa.

343 2764 488 2845 ratam,
516 2739 759 2847 spectemus,
785 2736 909 2850 figura
936 2739 974 2820 ei
1002 2733 1059 2820 est
1089 2733 1244 2847 oblonga
1273 2741 1314 2826 dt
1342 2739 1608 2850 renuitis),
1638 2737 1697 2832 atr

343 2877 422 2961 que
448 2849 550 2936 adeo
576 2857 688 2934 'certe'
716 2849 890 2934 linearis.
1527 2919 1531 2922 .
1659 2943 1694 2956 ..

397 2961 563 3046 Ercllcc
585 2962 939 3070 cognominantur,
980 2959 1169 3062 quoniam
1200 2960 1242 3039 in
1262 2958 1491 3062 cylindrum
1528 2960 1697 3050 coalitae¹

339 3067 429 3154 stilo
454 3072 509 3153 ita
540 3069 773 3175 adhaerent,
800 3085 844 3152 ut
867 3091 961 3151 cum
989 3091 1040 3150 eo
1068 3065 1219 3150 erectae
1247 3068 1288 3148 in
1312 3068 1444 3150 medio
1474 3063 1577 3150 stent
1608 3070 1692 3152 lim·

290 3245 294 3253 .
340 3181 395 3262 bo
424 3175 537 3288 (p),
565 3179 606 3262 id
634 3174 717 3285 est,
745 3197 790 3260 ut
819 3174 1190 3280 perpendiculariter
1217 3174 1291 3258 stnt
1318 3175 1479 3280 pos1tae.

350 3369 353 3379 ,
394 3285 442 3370 In
476 3285 692 3395 cylindrum
719 3285 902 3368 coclr'rcc:
928 3283 1040 3365 Haec
1068 3287 1230 3388 qualitas
1255 3285 1346 3367 huic
1367 3283 1475 3366 Claffi
1508 3285 1692 3392 privatim

339 3393 498 3482 videntr
523 3387 602 3494 effe
630 3393 818 3501 propria-3
847 3409 964 3494 quam
994 3391 1048 3472 ob
1076 3415 1158 3472 rem
1183 3391 1405 3496 hujusmodi
1435 3393 1693 3478 Antherarum

337 3501 561 3592 ltmttunm
590 3501 655 3585 hic
682 3501 803 3606 paulo
835 3499 1048 3582 accuratius
1078 3503 1267 3605 inquirere
1295 3499 1389 3582 mihi
1418 3498 1475 3582 est
1503 3503 1662 3586 arimus.

323 3644 326 3652 ·
394 3613 502 3698 Mox
545 3632 638 3696 ero
676 3611 790 3692 unica
827 3605 1082 3690 examinanda
1120 3605 1235 3690 datur
1271 3608 1451 3693 Aethera
1472 3670 1486 3710 ,
1504 3641 1507 3647 ·
1525 3634 1625 3714 quae
1665 3637 1691 3696 a

339 3634 803 3809 TOURNEllORmo
840 3717 881 3800 u
919 3711 1277 3837 PONTEDERA
1306 3736 1471 3798 vocatur
1510 3733 1618 3908 ager.
1665 3743 1699 3802 a.

338 3835 496 3918 mereris
533 3827 705 3934 separata
742 3824 901 3935 linccrrs
937 3819 1027 3926 elb,
1068 3825 1109 3910 dr
1137 3847 1180 3906 m
1207 3825 1272 3910 sua
1298 3823 1500 3907 latitudine
1556 3847 1690 3933 guram

337 3940 454 4072 babet
473 3943 705 4048 triquetram
735 3930 858 4044 (q),
885 3957 1004 4040 quam
1030 3932 1081 4020 ad
1102 3931 1244 4043 basta,
1281 3936 1351 4019 ubi
1375 3931 1568 4018 filamenta
1595 3930 1692 4128 (gg

375 4269 436 4352 u)
454 4263 552 4414 vlu·
575 4285 597 4346 ⁴
619 4261 675 4351 fir·
698 4229 793 4364 sne
814 4259 891 4330 &f-
1022 4265 1137 4352 etu
1161 4259 1241 4410 ffi-
1261 4255 1315 4410 gt.
1339 4197 1392 4343 η’.
1412 4257 1444 4328 a
1465 4253 1518 4330 ss.
1541 4259 1609 4330 rr.

374 4348 1423 4606 fflfflffffmww'ffifflssh

762 4621 771 4640 ·.
938 4587 943 4600 “
1024 4591 1065 4684 G
1094 4619 1121 4708 3
