4802 6164
506 617 508 626 ,
540 575 542 579 -
623 529 711 632 un
737 521 1149 630 nacarnacnro
1175 538 1457 636 comuntur.
1630 581 1706 672 ,12

364 748 420 834 tie
453 741 511 828 Di
527 739 586 842 ci,
614 739 681 844 qui
708 741 749 821 in
777 738 960 822 omnibus
990 733 1216 844 compositis
1241 733 1400 824 floribus
1428 744 1468 827 in
1494 745 1711 853 placentam

363 853 570 939 rotundam
598 847 678 930 five
707 847 918 929 thalamum
948 845 1093 930 crescit.
1822 846 1826 855 ’

418 962 514 1044 Inde
550 981 643 1064 ergo
672 957 830 1059 liquet,
870 955 1034 1064 Discum
1066 953 1172 1038 idem
1200 951 1278 1038 else
1311 978 1356 1038 ac
1386 955 1710 1080 Receptacalum,

362 1070 469 1180 quod
499 1087 688 1172 nuncupo
718 1087 802 1147 eam
820 1079 975 1174 portem
994 1060 1112 1171 floris
1146 1088 1186 1147 co
1250 1063 1328 1172 ostii
1339 1125 1353 1166 ,
1381 1090 1476 1171 quae
1504 1074 1545 1152 in
1556 1073 1712 1177 stamma

350 1179 479 1265 caulis
518 1171 603 1285 (i)
637 1185 751 1280 parm
771 1167 884 1274 sein
907 1171 1116 1256 thalamum
1148 1080 1249 1281 (ἴς
1274 1176 1483 1257 rotundum
1509 1187 1709 1292 eattemdit,¹

360 1291 404 1374 in
438 1284 546 1390 cujus
575 1275 776 1407 sttpmficic
808 1284 854 1371 εἰ
873 1277 1022 1388 flosculi
1052 1287 1099 1372 ἓ
1119 1281 1270 1390 semino
1297 1279 1471 1499 (1)me
1485 1281 1622 1390 succos
1639 1319 1709 1375 nu.

360 1397 564 1496 armatur,
592 1386 893 1516 erquer‘nstdmm
916 1393 962 1480 θ’
980 1413 1075 1496 quae
1095 1390 1254 1496 denique
1271 1413 1356 1471 cum
1389 1393 1710 1587 quamissgrm

318 1605 323 1613 Ι
359 1504 536 1610 margine
573 1497 814 1627 ortantibus,
852 1495 1011 1606 calycem
1037 1494 1202 1606 perpetio
1235 1496 1410 1620 obfhlvit.
1476 1501 1539 1586 Co
1607 1523 1708 1592 ratur

362 1605 963 1823 cuffiofiffiunsserbrtbssupn.
996 1627 1177 1821 nunquit
1194 1630 1417 1801 Il’ssiianthii
1449 1725 1610 1806 nomine
1637 1749 1708 1810 ve·

361 1832 457 1934 nit,
496 1829 640 2016 quffp‘?
669 1823 811 1952 calycis
834 1841 987 1928 partem
1016 1823 1219 1951 alliciens,
1246 1825 1471 1949 &nquidem
1499 1831 1633 1932 aden,
1661 1854 1706 1918 ut

362 1958 448 2024 tota
472 1935 540 2018 Cla
580 1959 597 2015 s
625 1955 667 2015 nr
693 1930 870 2014 ordinem
893 1931 1164 2016 methodrcum
1194 1931 1243 2014 ad
1272 1956 1355 2038 ejus
1388 1959 1565 2020 normam
1590 1943 1707 2046 posit

186 2115 189 2123 .
331 2046 498 2152 'redigi
550 2039 607 2122 V.
636 2037 755 2125 Limm.
781 2035 893 2146 Cloffi
923 2038 1053 2132 Plant-
1073 2056 1167 2148 pag.
1183 2061 1278 2145 415.

417 2151 574 2238 Modus
603 2165 759 2254 autem,
787 2171 868 2255 quo
898 2147 1184 2254 receptaculum
1209 2147 1394 2234 flosculoa
1421 2175 1467 2238 ac
1486 2151 1628 2238 semina
1646 2178 1705 2241 re·

293 2367 296 2372 1
363 2265 482 2368 cipit,
509 2261 639 2343 varius
669 2253 725 2340 est
752 2260 794 2341 iu
818 2258 931 2340 variis
962 2282 1035 2368 pro
1063 2259 1391 2366 receptaculorum
1409 2259 1559 2370 figura,
1588 2265 1629 2350 δι
1648 2264 1707 2348 se·
1754 2264 1758 2268 ’

359 2375 512 2457 minum
556 2361 858 2451 construetione.
931 2363 979 2448 In
1025 2365 1253 2471 quibusdam
1296 2371 1401 2454 enim
1456 2366 1709 2462 flosculorum

355 2483 527 2591 germina
559 2496 652 2559 cum
678 2471 878 2582 superficie
905 2469 1017 2584 Disci
1040 2477 1219 2580 proxime
1247 2477 1559 2588 connectuntur,
1588 2486 1706 2590 eique

219 2679 225 2692 ,
361 2607 547 2694 tanquam
577 2587 822 2698 incorporata
854 2579 973 2688 sunt,
1010 2601 1056 2666 ut
1092 2585 1322 2692 plerumque
1361 2587 1538 2671 videmus
1577 2593 1618 2674 in
1645 2617 1708 2675 re·

359 2695 581 2808 comatulis,
609 2715 710 2796 quae
737 2694 859 2799 paleis
889 2687 978 2774 sunt
1005 2686 1187 2776 destituta
1214 2693 1350 2804 (a),
1386 2715 1486 2801 aut,
1513 2697 1543 2778 fi
1568 2701 1706 2803 paleae
1850 2743 1851 2746 κ

360 2806 483 2891 adsmt
501 2827 525 2912 ‚¹
551 2800 693 2886 villosas
733 2799 827 2910 (a)
864 2817 1036 2884 attamen
1075 2803 1313 2909 obteguntur
1349 2806 1499 2910 paleis:
1554 2808 1596 2888 in
1622 2811 1705 2890 aliis

359 2933 493 3000 autem
530 2913 803 3017 Receptaculis
841 2908 992 2993 flosculi
1033 2910 1074 2990 in
1107 2905 1285 2994 rotundis
1309 2911 1505 3018 punctulis
1533 2937 1557 2995 e
1585 2913 1703 3023 Disco

357 3023 598 3132 surgentibus
625 3021 663 3100 ei
690 3019 949 3103 anneiiuntur
970 3017 1091 3128 (p),
1130 3021 1170 3104 δι
1209 3019 1306 3103 haec
1332 3039 1417 3104 tum
1443 3017 1526 3104 fore
1553 3019 1704 3127 semper

358 3135 473 3237 palei
503 3147 691 3234 occupata
720 3127 821 3210 sunt.
876 3129 962 3208 Alia
998 3129 1190 3230 recipiunt
1226 3125 1359 3208 semen
1395 3131 1535 3230 partim
1560 3147 1606 3210 ut
1633 3129 1703 3214 srbi

358 3244 681 3342 incorporatum,
710 3237 748 3318 ic
774 3257 842 3340 per
867 3234 1063 3332 cellulas,
1100 3233 1270 3336 cujusvis
1295 3231 1447 3312 seminis
1473 3232 1615 3420 ἧβαι-αθ
1641 3260 1703 3318 re·

356 3345 616 3452 spondentes,¹
643 3337 883 3422 distinitum:
911 3338 994 3417 save
1022 3357 1154 3420 autem
1178 3337 1465 3443 receptaculum
1505 3341 1633 3423 emina
1661 3347 1702 3429 δι
1830 3393 1832 3396 -

358 3451 545 3541 flosculos
570 3449 719 3530 cellulis
745 3441 1075 3550 comprehendat,
1102 3443 1184 3526 live
1204 3446 1304 3526 inter
1329 3445 1461 3552 paleas
1490 3449 1589 3552 alat,
1610 3449 1700 3538 save

354 3589 437 3650 nec
471 3560 633 3644 cellulae
674 3579 750 3640 nec
784 3556 917 3660 paleae
954 3549 1111 3655 adsint,
1146 3553 1186 3634 in
1221 3550 1422 3660 superficie
1449 3557 1701 3646 nihilominut

225 3685 226 3688 ‘
360 3673 508 3776 semper
533 3665 718 3773 punctula
753 3661 821 3746 seu
861 3661 1118 3746 loculamenta
1151 3683 1386 3769 remanent,
1423 3667 1564 3767 quibus
1590 3667 1701 3752 semi-

356 3807 408 3866 na
428 3802 446 3886 ,¹
479 3797 661 3882 tanquam
691 3771 870 3856 funiculo
900 3771 1105 3854 umbilicali
1137 3772 1340 3876 placentae
1367 3776 1535 3856 uterinae
1561 3779 1705 3862 anima·

356 3894 486 3992 lium,
520 3879 690 3969 fuerunt‘
717 3877 873 3986 adfixa,
910 3877 956 3964 δι
990 3879 1148 3983 quidem
1188 3878 1398 3962 secundum
1427 3879 1622 3990 figuram,
1657 3889 1700 3970 in

356 4021 476 4108 quarn
504 3993 644 4104 Discus
674 3993 879 4094 excrevit,
914 3985 1106 4100 disposrta.
1181 3985 1310 4093 Hujus
1339 3991 1543 4074 varietates
1570 3995 1611 4078 δι
1638 3991 1701 4082 su-

1616 4123 1700 4213 pcr-
1723 4169 1726 4176 a
