4802 6164
442 549 530 642 DE
556 541 871 638 SEMINIBUS
898 537 1226 657 EORUMQUE
1253 471 1614 640 mutulam.
1671 545 1737 672 ᾖ

377 745 447 836 scri
476 741 573 830 doni
608 739 824 852 respondet.
858 729 860 734 ’
891 733 987 821 Hoc
1013 741 1116 822 enim
1152 761 1176 820 e
1215 757 1381 843 quatuor
1408 744 1592 831 lateribus
1620 772 1734 833 com·

239 867 245 876 ·
375 883 431 965 po
460 877 560 940 tum·
587 856 628 936 in
675 852 815 958 quovis
854 870 991 934 eorum
1031 848 1151 931 habet
1179 870 1314 956 parum
1350 854 1561 938 eminentes
1598 853 1731 963 spinu-

376 971 433 1051 las
470 961 565 1076 (d)
593 960 661 1045 seu
688 959 944 1062 denticulos,
982 980 1083 1063 quae
1123 956 1172 1040 ad
1209 958 1359 1062 apicem
1400 965 1730 1067 magnitudine&

376 1075 565 1160 densitate
596 1069 852 1175 accrescunt,
892 1069 1019 1150 donec
1047 1065 1203 1150 tandem
1230 1064 1362 1149 semen
1392 1092 1608 1177 coronant,
1637 1101 1730 1182 qua-

374 1184 406 1267 fi
430 1181 698 1296 perianthium
733 1173 820 1288 (e)
856 1173 1105 1272 formantess
1148 1197 1248 1281 quae
1282 1180 1398 1260 etiam
1420 1181 1517 1261 ratio
1546 1179 1629 1287 est,
1660 1211 1730 1270 cut

374 1294 454 1378 hoc
490 1290 621 1374 semen
665 1303 914 1389 nuncupetur
942 1283 1161 1390 scabrum,
1191 1288 1266 1386 δι,
1303 1290 1391 1393 quia
1419 1290 1660 1392 aliquatenus
1688 1295 1730 1377 in

405 1405 446 1486 vi
471 1398 639 1484 sormam
666 1392 889 1495 tumescat,
926 1409 1098 1478 ovatum.
1154 1394 1278 1476 Porro
1308 1421 1334 1478 e
1368 1394 1557 1502 descripte
1585 1423 1729 1484 corona

296 1573 301 1578 .
374 1427 496 1622 purgit
520 1506 637 1612 stipes
664 1501 751 1619 (f)
779 1506 954 1611 longus,
993 1506 1061 1608 qui
1094 1501 1244 1588 inseram
1271 1505 1431 1610 paulurn
1475 1503 1727 1617 crassescens,

373 1619 541 1725 superne
582 1639 679 1698 vero
714 1615 928 1721 simplicem
967 1635 1152 1696 coronam
1191 1613 1403 1724 papposam
1445 1613 1540 1726 (g)
1577 1617 1728 1702 habens
1859 1619 1891 1652 ’·

378 1725 601 1919 ἀεΐεὶξῦἰωτ
614 1724 780 1838 superne
809 1737 1070 1825 attenuatur,
1099 1717 1286 1831 fhstinens
1321 1747 1497 1808 coronam
1522 1727 1727 1840 pappostzm

391 1853 465 1920 amu
479 1861 585 1920 trem.
1332 1860 1337 1870 ·

368 1835 409 1948 s
431 1921 525 2028 Hoc
550 1944 706 2044 semen,
734 1944 827 2025 licet
857 1956 1015 2026 ovatum
1041 1941 1209 2041 dicatur,
1235 1946 1416 2049 proxime
1432 1951 1618 2031 convenit
1633 1972 1726 2034 cum

375 2055 478 2139 illius
505 2051 658 2136 seminis
683 2049 830 2158 figura,
860 2050 969 2155 quod
995 2054 1235 2136 turbinatam
1263 2070 1428 2156 vocant,
1457 2073 1503 2137 ut
1529 2079 1580 2138 ex
1599 2057 1728 2142 Cata·

375 2163 563 2250 nanrbide
590 2158 685 2272 (h)
714 2158 780 2242 hic
801 2182 1012 2349 proponO,
1041 2159 1153 2266 qu'us
1175 2163 1321 2268 generis
1349 2158 1537 2246 seminum
1563 2162 1729 2275 descn‘p·

375 2274 433 2357 tio
466 2275 507 2355 in
543 2268 663 2354 Lr'un.
702 2269 796 2351 Gen.
833 2265 896 2352 P.
924 2281 1012 2376 pag.
1041 2291 1062 2370 3
1068 2291 1133 2374 54.
1163 2271 1276 2352 datur
1300 2270 1360 2354 his
1384 2269 1547 2354 verbis:
1574 2273 1729 2382 semino

366 2381 582 2492 fhlitarr'a,
626 2378 847 2462 turbinato·
870 2393 1020 2479 ovata,
1065 2373 1294 2489 comprrfflr,
1340 2394 1524 2463 coronata
1564 2381 1728 2491 calyculo

374 2491 540 2599 quinque
560 2485 750 2595 setarum.
802 2485 889 2592 Jam
920 2485 1215 2571 Catananchr‘dir
1241 2486 1372 2570 semen
1403 2509 1571 2591 quatuor
1605 2492 1727 2580 hirsu-

376 2619 440 2686 tos
468 2598 605 2708 gibbos
633 2592 755 2704 (i),
792 2618 863 2700 per
894 2592 1177 2704 longitudinem
1208 2595 1255 2680 ad
1280 2595 1386 2678 basin
1416 2599 1455 2676 in
1483 2621 1729 2685 unumcen-

375 2729 481 2793 trum
510 2723 811 2802 concurrentes,
838 2700 977 2786 habere
1008 2703 1215 2813 perspexi,
1242 2705 1348 2788 unde
1377 2705 1620 2790 turbinatam
1649 2709 1727 2795 dici

337 2857 341 2866 ·
374 2815 518 2924 potest.
574 2815 621 2898 In
646 2811 864 2896 summitate
892 2833 1023 2896 autem
1051 2812 1207 2898 sustinet
1243 2815 1461 2916 calyculum
1490 2819 1725 2922 proprium,

375 2923 809 3118 {offlqgesfflmgss
837 2926 876 3008 ur
904 2920 1279 3115 nitentibussstoliolis
1306 2919 1423 3032 (a),
1454 2945 1553 3028 quae
1583 2923 1725 3008 LlN·

616 3053 704 3116 erae
727 3053 919 3116 vocantur
973 3055 1063 3115 com
1093 3055 1245 3116 orum.

432 3140 478 3222 In
504 3139 647 3224 semine
679 3141 817 3224 Sonrhi
844 3161 884 3246 7.
920 3094 1018 3248 s’soy.
1042 3056 1176 3224 'lgrort
1202 3159 1296 3250 pag.
1330 3165 1418 3242 130.
1449 3143 1574 3247 anguls
1600 3141 1725 3246 smgu·

375 3253 445 3335 lari
474 3248 595 3330 modo
622 3248 714 3329 suut
742 3248 926 3348 formati,
955 3271 1117 3332 numero
1146 3268 1340 3352 quatuor,
1369 3271 1535 3350 quorum
1556 3253 1725 3363 rquilibet

278 3374 281 3382 '
375 3357 557 3444 emultis
569 3357 706 3544 Igibbis
734 3353 871 3460 (m),
907 3353 978 3435 fibi
1016 3375 1157 3438 mutuo
1194 3354 1420 3460 squamatim
1455 3354 1727 3461 superjacenti-

374 3471 448 3554 bus
493 3487 568 3547 con
603 3483 675 3560 at,
713 3460 815 3544 adeo
854 3481 902 3543 ut
937 3459 1068 3542 semen
1098 3463 1188 3545 hinc
1228 3462 1390 3568 figuram
1436 3469 1603 3570 acquirat
1630 3493 1725 3574 qua·

377 3579 611 3686 dragonam,
639 3569 864 3678 squamatim
884 3566 1106 3678 gibbosam,
1131 3573 1290 3679 paulum
1316 3569 1607 3658 tumescentem.
1645 3577 1722 3661 Pro

375 3688 521 3772 coronal
557 3681 703 3764 habent
726 3695 893 3790 pappum
926 3677 1126 3786 strnplicem
1164 3676 1294 3787 (n),
1334 3703 1412 3782 qua
1442 3677 1563 3787 figura
1601 3689 1721 3769 multa

315 3831 318 3840 ·
376 3794 518 3880 semina
557 3815 581 3878 e
618 3790 851 3874 Sonchorum
892 3809 1034 3902 genere
1074 3789 1276 3902 gaudent:
1326 3789 1368 3872 in
1407 3811 1484 3876 una
1531 3811 1628 3904 vero
1670 3816 1721 3876 ex

1440 3957 1445 3966 -
1654 3920 1723 3986 eo·

1194 4116 1274 4188 lbld.
1317 4118 1372 4208 fig.
1396 4139 1447 4186 20.
1469 4137 1524 4185 a..

1192 4200 1276 4346 1bid.
1298 4200 1329 4266 b.

1198 4201 1270 4348 lbid.
1292 4282 1347 4370 fig.
1371 4303 1424 4350 21.
1446 4285 1477 4350 dr
1499 4303 1551 4350 22..

1198 4365 1319 4430 lbld.s1
1347 4416 1355 4434 .
1378 4387 1429 4434 22.
1451 4387 1479 4437 tt.
1659 4373 1663 4389 '

1201 4445 1280 4514 lbld.
1303 4449 1337 4518 b.

1116 4611 1210 4721 Ka

1110 4119 1173 4280 ll.

1111 4283 1166 4366 (l)

1109 4369 1176 4529 bl
