4802 6164
415 531 502 656 pn
532 457 849 622 canturam
874 519 1205 643 nonongun
1233 525 1590 627 orrcurrnun.
1650 565 1703 653 ῃ

347 729 591 860 ista-artemo
618 720 891 830 respiciamus,
910 720 1033 912 'sm
1059 714 1164 808 sorta
1189 743 1332 910 genem
1352 725 1442 813 iada
1463 727 1608 818 definiri
1629 759 1702 842 po·

347 835 533 941 tuissent,¹
554 835 593 920 rd
614 831 721 940 quod
740 827 904 914 KNllU
949 825 1064 929 IUS,
1093 827 1184 914 Ma
1230 829 1507 926 NOLIUS&
1535 844 1597 925 ulii
1622 843 1706 946 jam

349 941 622 1037 instituerunt:
674 939 956 1022 Celeberrimos
992 938 1106 1020 etiarn
1153 938 1580 1031 BOERHAAVE
1623 953 1703 1056 jam

349 1045 507 1167 pulchre
543 1053 628 1136 suas
654 1044 934 1132 subdivisrones
960 1048 1001 1127 in
1028 1047 1102 1131 hac
1133 1045 1243 1130 classe
1272 1050 1548 1158 indedirexit,
1579 1057 1705 1144 distin·

352 1191 472 1282 guens
490 1164 635 1248 semina
654 1157 916 1268 puppercentin
943 1181 965 1238 a
992 1153 1201 1238 seminibus
1220 1173 1344 1268 pappo
1363 1165 1591 1246 carentibus.
1648 1170 1704 1251 Et

353 1281 514 1382 revera,
542 1271 571 1354 fi
603 1270 788 1354 seminum
806 1264 1055 1366 strudocam,
1085 1285 1132 1348 ut
1159 1268 1199 1349 oc
1237 1270 1415 1372 calycum
1434 1270 1706 1379 configuratio·

352 1409 445 1472 nem
472 1383 577 1468 rede
604 1399 910 1484 cognoscamus,
941 1373 989 1456 ad
1017 1379 1229 1457 naturalem
1259 1401 1447 1486 generum
1475 1380 1704 1467 diuisionem

355 1499 396 1580 in
433 1493 507 1577 hac
546 1485 674 1572 Classe
702 1510 774 1568 nos
802 1484 893 1569 duci
919 1477 1030 1588 posse
1059 1485 1247 1585 arbitror;
1291 1486 1439 1572 nullum
1472 1494 1616 1574 etenim
1647 1493 1705 1576 fe-

354 1629 396 1686 re
425 1627 547 1712 genus
573 1593 654 1700 est,
683 1597 777 1702 quin
800 1593 876 1676 suin
901 1591 1108 1675 seminibus
1139 1596 1188 1678 ab
1217 1597 1293 1676 alio
1321 1597 1534 1706 discrepet,
1565 1601 1646 1686 iano
1665 1606 1707 1686 in

353 1737 437 1814 uno
474 1733 612 1820 genere
651 1725 935 1810 nonnunquam
979 1701 1171 1786 seminum
1218 1702 1363 1810 species
1408 1705 1706 1797 subdivisionem
1775 1781 1778 1792 .

355 1817 604 1904 constituant.

411 1930 509 2039 Quo
534 1930 670 2010 naeuus
698 1926 779 2008 hoc
800 1923 1057 2029 percipiatur,
1084 1924 1177 2006 lruic
1195 1927 1314 2029 capiti
1339 1923 1449 2008 srnrul
1479 1952 1572 2012 cum
1598 1929 1709 2012 semi-

355 2061 451 2122 num
481 2040 593 2122 uariis
619 2033 940 2138 descriptionibus
972 2055 1187 2138 eorumque
1222 2031 1529 2142 configuratione
1556 2041 1710 2122 notabi-

359 2149 454 2230 liora
481 2144 640 2228 inserere
665 2140 760 2244 mihi
784 2143 944 2245 placuit.

359 2340 365 2353 ,
416 2257 591 2368 Inprimis
637 2276 728 2336 cum
776 2249 947 2332 Audlore
988 2249 1204 2334 notandum
1234 2249 1327 2359 est,
1363 2256 1525 2358 quaevis
1565 2253 1710 2338 semina

359 2365 464 2452 suam
492 2367 635 2448 habere
665 2359 772 2444 basrn
802 2355 892 2468 (o)
922 2357 1179 2466 angustiorem
1206 2365 1339 2466 apice3
1368 2361 1513 2462 idest,
1542 2387 1593 2446 eo
1616 2367 1710 2448 loco

357 2477 428 2572 ubi
457 2475 624 2558 thalamo
653 2468 722 2553 seu
752 2470 999 2574 receptaculo
1028 2468 1279 2574 inseruntur,
1316 2470 1468 2575 semper
1495 2471 1710 2580 angustari,

361 2589 414 2666 ita
447 2603 516 2686 ut,
546 2583 641 2665 dum
676 2579 1017 2683 receptaculorum
1043 2578 1239 2684 pundiulis
1273 2578 1355 2663 five
1379 2583 1524 2664 cellulis
1554 2581 1711 2689 respon-

359 2693 480 2794 dent3
510 2691 540 2772 sr
567 2691 666 2777 haec
695 2686 769 2770 sant
795 2688 1079 2792 qundrngonn,
1113 2688 1153 2768 in
1183 2687 1503 2798 quadmgonum3
1529 2688 1563 2780 ¹s1
1595 2694 1713 2794 trigo·

360 2827 437 2908 nn,
463 2805 505 2906 in
531 2795 749 2908 trigonum
783 2793 813 2876 s1
842 2810 960 2880 ovata
988 2789 1032 2878 δι
1059 2797 1253 2903 cordata,
1282 2799 1324 2880 in
1351 2799 1567 2882 rotundum
1586 2819 1712 2904 punc.-

359 2932 445 3006 tum
474 2913 637 2995 centrale
671 2905 807 2990 sensam
831 2901 1094 2988 concrescant.

415 3019 508 3104 Post
545 3021 645 3102 hanc
685 3014 903 3121 generalem
941 3011 1133 3096 seminum
1170 3011 1438 3099 definitionem
1479 3017 1527 3102 ad
1570 3018 1715 3102 uariam

362 3151 499 3214 eorum
529 3149 727 3234 generum
757 3120 1049 3229 specierumque
1080 3123 1335 3206 differentiam
1367 3124 1528 3208 transeo,

416 3237 462 3318 ln
491 3230 712 3338 composnis
738 3231 869 3332 itaque
899 3226 1068 3316 flosculis
1095 3231 1176 3312 duo
1204 3230 1400 3314 constituo
1432 3231 1619 3316 seminum
1649 3257 1715 3341 ge·

360 3369 486 3442 ncraa
524 3343 691 3448 primum
732 3337 883 3417 diiiuris
914 3338 963 3419 de
989 3341 1069 3437 iis,
1107 3361 1206 3441 quae
1233 3344 1311 3422 uni
1338 3341 1556 3446 eidemque
1591 3339 1716 3424 forma

361 3459 404 3540 in
435 3445 605 3554 thalamo
633 3445 911 3546 inveniuntur,
938 3463 984 3528 ut
1009 3447 1236 3548 plerumque
1263 3450 1305 3530 in
1343 3447 1513 3556 lr'gnlntr‘r
1545 3453 1586 3534 uc
1617 3454 1717 3560 copi·

363 3565 458 3652 tntis
484 3557 691 3662 videmus..
735 3549 871 3635 Postea
908 3551 958 3636 de
978 3550 1184 3634 seminibus
1212 3579 1355 3663 agam,
1385 3581 1483 3662 quae
1504 3583 1525 3642 a
1545 3557 1717 3644 flosculis

358 3665 684 3782 hermaphroditis
714 3665 754 3748 δι
780 3659 958 3769 siminer's
983 3658 1065 3746 ssve
1085 3665 1235 3746 neutris
1256 3665 1472 3748 differenter
1491 3667 1717 3773 producun-

331 3805 466 3888 ω,
505 3783 545 3864 dt
573 3775 663 3858 hinc
695 3773 820 3857 variar
857 3773 1050 3877 recipiunt
1082 3766 1235 3878 figuras.
1295 3774 1420 3886 Quod
1449 3777 1577 3857 multis
1615 3777 1718 3856 iuter

364 3892 539 3978 annates
574 3882 762 3968 flosculos
787 3878 845 3966 est
863 3882 1065 3987 proprium
1081 3903 1170 3962 curn
1194 3885 1266 3986 iis,
1295 3908 1373 3989 que
1402 3887 1443 3966 in
1470 3883 1591 3968 Lr'nn.
1624 3883 1719 3966 Gerr.

360 4001 493 4088 Plana.
541 4015 724 4079 annotata
772 3993 1058 4092 inveniuntur,
1097 3987 1278 4075 conferre
1327 3993 1422 4075 mihi
1460 4015 1621 4098 quoque
1662 3991 1719 4075 est

364 4115 549 4209 mimus,
579 4128 671 4189 eum
699 4106 740 4188 in
763 4101 883 4188 finem
909 4119 957 4183 ut
982 4121 1075 4206 prae
1111 4103 1269 4186 caeteris
1295 4104 1530 4216 intelligatur
1569 4101 1721 4186 distinc-

365 4241 435 4305 tro.

425 4327 634 4434 Oblongnrn
663 4321 847 4445 strictum
893 4319 1114 4408 nominatur
1165 4315 1297 4407 semen
1333 4321 1589 4411 Scorzoncrnr
1626 4319 1725 4429 ejus-

1648 4455 1725 4538 que

408 4609 471 4694 (a)
495 4605 589 4678 Tau.
612 4623 644 4692 5.
667 4606 721 4692 ng.
747 4623 798 4690 15·
818 4621 849 4674 c.
974 4685 979 4696 ,
1088 4685 1172 4774 Κο
