4802 6164
415 545 503 636 DE
529 527 841 630 sallnvldus
867 533 908 622 E
915 531 1208 648 ORUMQUE
1235 534 1580 634 DISCRIMINE
1625 529 1695 650 7⁵1)

342 738 570 850 inaequales.
625 731 769 838 Ratio,
798 757 867 816 cur
892 731 951 816 his
975 727 1142 835 squamis
1171 726 1401 814 adscribatur
1421 735 1696 845 inaequalitas,

340 853 432 934 hinc
473 851 627 946 oritur,
666 845 810 948 quod,
858 863 905 924 ut
951 863 1026 946 ego
1062 843 1299 942 numeravi,
1339 861 1417 922 tres
1458 847 1697 953 breviores·,

327 962 441 1043 duae
479 957 582 1067 (x)
618 975 712 1036 vero
744 955 937 1061 longiores
969 953 1010 1032 in
1055 948 1164 1057 apice
1205 946 1358 1032 seminis
1397 974 1583 1037 coronam
1618 955 1700 1040 for·

341 1086 462 1152 ment.

396 1175 552 1261 Praeter
579 1174 677 1256 haec
701 1173 832 1256 omnia
849 1169 928 1275 jam
948 1169 1107 1252 recitata
1126 1167 1313 1252 seminum
1331 1174 1535 1276 exempla,
1562 1197 1586 1256 o
1613 1174 1700 1258 srm-

339 1287 503 1396 plicibus
530 1281 717 1388 majorem
751 1281 880 1362 adhue
914 1283 1067 1384 copiam
1095 1279 1280 1360 haberem
1305 1283 1629 1388 proponendam,
1656 1310 1699 1368 v.

341 1422 396 1506 gr.
425 1397 610 1493 cordata,
628 1387 941 1498 ,oblongiusculm
970 1388 1211 1472 verticaliter
1220 1395 1496 1498 pyramidem,
1524 1395 1700 1476 teretius·

343 1504 429 1590 cula
468 1505 547 1588 uc.
605 1499 683 1582 Sed
711 1521 804 1582 cum
833 1521 937 1580 nunc
966 1497 1015 1579 de
1052 1495 1296 1601 seminibus,
1334 1524 1417 1580 uno
1453 1506 1699 1610 receptaculo

343 1615 544 1801 comrsriruni
575 1605 759 1710 diversrs,
789 1605 943 1690 aelurus
971 1599 1063 1710 sim,
1080 1607 1249 1713 plurium
1265 1607 1409 1716 pariter
1437 1610 1700 1722 configuratio

376 1741 436 1804 ate
467 1737 517 1804 et.
1671 1735 1678 1782 ἕ

345 1749 517 1913 pHanc
551 1827 739 1912 seminum
777 1823 1036 1910 diversrtatem
1074 1827 1116 1905 iu
1150 1847 1230 1908 uno
1266 1834 1517 1932 receptaculo
1552 1833 1707 1932 habent

345 1943 485 2040 multi,
513 1939 799 2042 utplurimum
825 1957 925 2016 vero
954 1935 1102 2017 redimi
1129 1931 1312 2036 llosculi;
1340 1961 1430 2020 cum
1458 1941 1702 2051 hermaphro-

347 2051 420 2132 diti
446 2051 560 2155 priva
587 2045 653 2127 sua
683 2044 909 2149 producunt
938 2040 1117 2142 semina,
1148 2044 1189 2126 dc
1208 2043 1397 2149 feminei,
1426 2051 1493 2155 qui
1516 2051 1565 2132 -irr-
1593 2049 1701 2130 radio

344 2159 622 2261 inveniuntur,
651 2151 719 2236 sua
746 2154 796 2234 ab
826 2153 1222 2261 hermaphroditum
1250 2150 1457 2236 seminibus
1488 2155 1706 2262 discrepan-

346 2270 425 2368 tia,
455 2263 574 2348 alu'nt.
628 2263 783 2346 Verum
810 2260 891 2343 hoc
926 2284 1047 2364 quum
1078 2264 1199 2344 etiam
1230 2259 1314 2344 fieri
1348 2264 1528 2348 videmus
1554 2262 1597 2350 i'n
1627 2265 1702 2350 llo·

348 2378 479 2478 ribus,
497 2377 574 2480 ¹qui
602 2393 739 2455 omnes
768 2395 859 2452 cum
886 2368 1206 2472 hermaphroditis
1225 2364 1366 2454 florent
1385 2367 1591 2480 flosculis,
1621 2401 1704 2458 cer·

347 2504 388 2567 te
428 2471 524 2588 quid
554 2481 742 2592 singulare
773 2475 842 2561 est.
898 2503 921 2560 e
955 2478 1203 2588 Quibusdam
1232 2483 1355 2588 primo
1391 2487 1574 2566 novimus
1611 2484 1705 2568 Tra

344 2608 532 2702 gopogona
570 2617 609 2695 4.
644 2589 744 2696 Rop.
769 2589 880 2690 prod.
901 2605 992 2698 pag.
1026 2611 1116 2686 119.
1143 2586 1258 2691 cujus
1282 2588 1423 2673 semina
1447 2597 1613 2676 maxime
1644 2598 1705 2678 iu·

348 2722 407 2784 ter
432 2699 472 2784 se
502 2700 701 2784 differunt.
760 2689 807 2778 In
834 2695 963 2780 Rodio
991 2697 1169 2818 crescunt
1191 2693 1341 2818 ‘semina
1363 2701 1573 2808 longilirma
1601 2701 1707 2814 (y),

349 2811 420 2896 suo
457 2835 550 2893 cum
584 2807 749 2918 stipite,
788 2823 833 2888 ut
871 2809 912 2888 in
951 2807 1123 2912 pluribus
1165 2828 1248 2908 ejus
1283 2811 1430 2914 generis
1466 2809 1705 2915 speciebus,

348 2945 472 3004 unum
504 2917 610 3026 quafi
646 2941 789 3026 corpus
823 2911 1108 2998 constituentia.
1181 2913 1261 2996 Hic
1292 2915 1408 3023 stipes
1441 2916 1508 3000 sua
1529 2923 1577 3000 in
1605 2913 1707 3001 sunr-

353 3033 487 3113 mitate
514 3035 557 3110 in
586 3031 759 3132 quinque
787 3028 865 3110 abit
884 3029 1042 3107 aculcos
1068 3020 1184 3130 (a),
1213 3024 1278 3128 qui
1298 3049 1484 3107 coronam
1504 3030 1704 3138 efficiunt3

350 3139 421 3218 ubi
446 3158 578 3218 contra
599 3139 645 3224 ,in
669 3137 788 3245 Disco
816 3134 957 3216 semina
995 3130 1089 3242 (a)
1118 3131 1205 3212 sunt
1233 3135 1443 3238 breviora,
1484 3137 1525 3216 dc
1555 3141 1708 3219 tenuior

342 3243 465 3347 stipes
493 3268 678 3326 coronam
707 3243 919 3347 popposam
945 3239 1160 3347 plumosam
1192 3237 1361 3324 sustinet.
1416 3242 1537 3326 Unde
1569 3264 1705 3344 autem

336 3355 449 3436 ‘haec
476 3353 640 3432 varietas
669 3356 836 3452 oriatur,
866 3350 962 3430 dum
989 3371 1125 3430 omnes
1152 3344 1302 3429 flosculi
1329 3350 1510 3444 ,eamdem
1541 3349 1711 3447 ¹formam
1854 3349 1858 3356 ’

354 3457 758 3592 dcconstrudiionom
796 3457 942 3540 habent
968 3514 983 3557 ,
1009 3455 1103 3539 iane
1137 3459 1427 3542 examinacionc
1467 3460 1573 3545 haud
1604 3457 1711 3544 ‚oller

343 3571 689 3789 'mssrffmllgofhride
720 3702 752 3758 1.
781 3673 879 3784 Ray.
902 3673 1026 3770 Prod.
1045 3690 1139 3783 pag.
1175 3696 1264 3779 127.
1292 3679 1365 3758 tale
1384 3679 1474 3784 quid
1494 3685 1616 3766 ¹tetiam
1638 3619 1711 3761 ob·
1754 3697 1755 3700 ‘

338 3793 536 3877 ¹servatur.
592 3789 748 3872 Semina
769 3790 818 3869 in
846 3783 973 3868 Rodio
999 3783 1204 3871 crescentia
1240 3782 1400 3870 firmiter
1429 3791 1572 3892 calycis
1602 3789 1711 3894 squa-

354 3905 427 3985 mis
454 3899 660 3982 adheerent
687 3897 794 4008 (l),
824 3891 924 3976 adeo
958 3915 1001 3978 ut
1030 3893 1141 3980 fimul
1161 3897 1367 3981 ‘videantur
1392 3896 1609 4002 conjuncta.
1644 3898 1712 3980 io·

357 4012 472 4116 super
500 4009 641 4092 homm
669 4007 857 4089 seminum
877 4005 1080 4108 quodlibet
1105 4007 1224 4093 habet
1253 4009 1583 4110 membranulam,
1607 4031 1714 4112 quac

358 4117 561 4228 aliquando
592 4136 757 4202 vocatur
778 4117 848 4220 ,ala
876 4113 987 4226 (c),
1016 4119 1057 4202 in
1083 4113 1160 4200 suis
1188 4115 1401 4224 lateribus,
1429 4117 1532 4201 unde
1550 4117 1714 4306 ρῐαηιένῃ

1683 4251 1720 4306 l’

399 4450 470 4528 (x)
495 4370 572 4512 rus
594 4465 624 4512 e.
1095 4444 1161 4604 ἔα)
1185 4443 1265 4510 ma.
1287 4441 1340 4512 aa.
1380 4451 1383 4458 ·

400 4533 464 4619 (y)
488 4530 564 4595 lbid.
587 4530 641 4610 fig.
662 4546 717 4614 49.
738 4529 816 4601 bbb.
1119 4525 1162 4600 bl
1184 4524 1280 4592 Teo.
1301 4529 1411 4612 bbg·
1434 4545 1464 4618 3.
1489 4529 1545 4595 bb.

269 4637 277 4656 ·
397 4616 467 4697 (z)
489 4611 567 4681 lbid.
588 4630 658 4683 ccc.
1098 4608 1160 4690 (c)
1181 4608 1275 4678 Tib.
1297 4627 1328 4694 5.
1351 4613 1407 4698 fig.
1431 4629 1483 4695 29.
1507 4633 1565 4680 cc„
