4802 6164
583 541 671 630 DE
698 531 1111 625 RECEPTAGULO
1141 536 1424 629 COMMUNI.
1615 556 1696 638 '121'

346 745 598 842 submotae,
636 739 675 821 &
713 735 882 841 quorum
908 731 1033 814 binae
1075 732 1338 836 comprimunt
1373 735 1454 820 srve
1492 740 1698 826 includunt

351 877 475 936 unum
502 850 664 946 semen,
693 847 745 927 ita
772 865 815 926 ut
846 843 1021 944 proxime
1049 839 1268 922 accrescens
1293 837 1422 926 semen
1451 851 1499 930 ab
1531 855 1608 934 aliis
1628 856 1698 936 ite·

352 985 441 1044 rum
484 959 598 1062 paleis
637 947 897 1058 comprellum
927 951 1084 1032 alterius
1110 946 1376 1054 subsequentis
1404 955 1535 1056 paleae
1563 961 1697 1044 subulll

351 1091 533 1172 tanquam
563 1085 723 1170 tegatur.
782 1061 844 1141 Sic
874 1060 1003 1140 omnia
1031 1055 1173 1141 semina
1212 1061 1261 1141 ab
1288 1060 1347 1142 his
1375 1063 1494 1164 paleis
1523 1067 1563 1158 δι
1589 1092 1695 1151 com·

351 1181 566 1287 primuntur
593 1177 633 1256 δι
661 1186 881 1278 teguntur;
912 1165 1019 1271 quod
1046 1190 1169 1270 quum
1198 1170 1240 1249 in
1269 1174 1517 1273 receptaculo
1546 1175 1698 1280 prorsus

350 1289 406 1374 ito
432 1283 514 1389 fit,
542 1299 588 1364 ut
616 1283 657 1362 in
684 1293 895 1360 memorata
925 1275 1174 1385 Buphthalmi
1201 1275 1330 1385 specie
1360 1281 1495 1387 longas
1514 1283 1616 1363 inter
1631 1306 1694 1387 pa·

350 1399 427 1479 lens
463 1391 681 1493 videmus,
720 1409 816 1469 tunc
857 1385 1145 1487 receptaculum
1183 1385 1317 1493 paleis,
1345 1388 1561 1472 obvolutum
1609 1388 1701 1498 (x)
1862 1485 1865 1488 ,

351 1503 662 1612 cognominatur.
683 1493 801 1578 Linn.
822 1493 917 1578 Gen.
929 1493 1059 1581 Plani.
1062 1510 1157 1603 pag.
1170 1496 1220 1597 38
1226 1516 1400 1601 parque
1409 1497 1506 1582 adeo
1509 1498 1630 1628 paleis
1638 1500 1700 1606 se-

350 1617 457 1696 mina
483 1607 711 1715 distinguens
736 1601 843 1687 idem
875 1601 930 1688 est
959 1603 1067 1709 quod
1086 1604 1296 1713 seminibus
1315 1606 1548 1718 intetpofitrs.
1604 1607 1724 1693 Hoc.

353 1715 513 1824 quoque
546 1717 678 1799 nullibi
703 1716 825 1822 magis
852 1709 906 1796 est
931 1710 1180 1818 perspicuum
1198 1737 1314 1820 quam
1332 1717 1373 1796 in
1393 1715 1594 1802 Heliantbo
1623 1716 1701 1829 (y)

348 1829 427 1936 jam
454 1827 677 1930 descripto,
718 1823 827 1928 cujus
853 1823 1037 1927 quoniam
1076 1823 1380 1931 receptaculum!
1404 1826 1522 1910 valde
1552 1825 1609 1910 est
1637 1853 1702 1914 ex-

350 1934 525 2038 tensum,
563 1955 722 2038 parvam
752 1929 1024 2014 tantummodo
1045 1949 1194 2036 partem
1222 1957 1313 2016 cum
1340 1934 1450 2036 polea
1468 1934 1486 2036 (
1503 1937 1557 2040 z)
1585 1941 1624 2020 ἃ
1645 1938 1703 2021 se·

348 2046 517 2127 minibus
547 2040 641 2151 (a)
668 2037 899 2145 interpofitis
928 2037 1120 2121 delineavi
1149 2040 1249 2123 Tau.
1277 2065 1315 2144 7.
1343 2044 1409 2124 ubi
1436 2044 1574 2150 plura,
1602 2069 1703 2155 quae
1744 2036 1747 2044 ’

348 2155 433 2236 huc
460 2149 670 2257 spectent,
698 2148 915 2231 videantur.
1100 2225 1106 2239 ,

408 2259 569 2364 Insuper
604 2281 686 2342 non
721 2256 790 2339 abs
827 2279 869 2338 re
903 2251 1079 2338 futurum
1110 2275 1308 2360 autumn,
1345 2257 1377 2342 fi
1407 2282 1501 2366 quas
1533 2264 1703 2360 eLina.

352 2369 451 2460 Gen.
478 2367 609 2454 Plani.
638 2362 855 2475 desumptas
881 2361 1107 2472 investigem
1430 2381 1441 2402 ·

641 2693 649 2708 ι
768 2581 976 2668 Polearum
1005 2578 1290 2692 Distinrriones,

351 2803 465 2975 qula
482 2780 590 2974 suVngl
617 2884 1123 2987 lanceolata-tridentatae,
1159 2894 1273 2974 utin
1303 2890 1398 2996 iam·
1415 2885 1520 2976 nitro
1543 2875 1703 2982 Hellan-

353 3003 638 3215 ssoeuhtqtkubm)
665 3021 795 3083 earum
829 2997 958 3108 apices
998 2997 1038 3078 in
1075 3012 1154 3080 tres
1194 2998 1413 3086 denticulos
1451 3001 1522 3085 seu
1551 3000 1735 3106 lacinias
1807 3069 1809 3076 .

412 3233 467 3297 2⁰.
513 3213 594 3296 Vel
620 3213 1025 3301 lanceolata-lineares
1040 3214 1274 3318 longitudine
1293 3217 1486 3322 semini53
1515 3243 1706 3326 quaeant
1859 3213 1862 3222 ’

225 3373 230 3382 .
269 3407 272 3412 ,
353 3319 480 3426 ipsum
506 3320 639 3404 semen
667 3340 736 3403 aut
763 3321 856 3402 illud
883 3328 1026 3430 pariter
1054 3342 1146 3403 cum
1175 3330 1294 3429 pappi
1322 3349 1465 3410 corona
1496 3327 1704 3437 longitudi-

354 3455 405 3514 ne
438 3431 690 3533 adaequant‚
728 3429 953 3538 plerumque
989 3433 1030 3512 in
1069 3429 1251 3511 linearem
1268 3463 1272 3474 ·
1289 3433 1448 3542 figuram
1476 3433 1564 3546 (c)
1591 3456 1705 3526 acute

353 3538 585 3628 definentes.
622 3535 717 3618 Vid.
746 3533 866 3621 Linn.
896 3541 991 3624 Gen.
1020 3535 1154 3622 Plant.
1173 3554 1265 3648 pag.
1298 3567 1319 3648 3
1325 3567 1390 3648 52.
1428 3569 1503 3631 nec
1532 3571 1615 3631 non
1632 3547 1705 3657 fig.

355 3649 471 3752 quam
507 3671 556 3731 ex
586 3643 869 3754 Hypochasrr'de
897 3643 992 3760 (d)
1030 3673 1068 3732 ι.
1107 3643 1205 3756 Ray.
1233 3650 1354 3738 Prod.
1384 3669 1477 3764 pag.
1509 3677 1598 3759 125.
1634 3657 1704 3742 de·

350 3757 521 3840 sumtam
550 3755 804 3860 proponimus

383 3979 386 3986 Δ
413 3884 469 3974 3⁰.
512 3865 591 3950 Vel
617 3859 832 3970 arssatae:
867 3863 906 3951 id
934 3863 1024 3976 est‘,
1061 3871 1102 3952 in
1119 3869 1230 3976 apice
1255 3891 1415 3982 parvam
1443 3867 1588 3958 aristam
1614 3899 1704 3983 pro,-
