4802 6164
704 437 791 575 9ss
934 459 1021 546 na
1048 455 1290 545 corona
1312 449 1552 540 saurais
1585 454 1857 544 carrona,

715 715 723 730 .
766 655 891 766 Quod
915 658 1053 739 attinet
1072 649 1121 733 ad
1132 650 1385 762 pappostarum
1406 667 1489 732 turn
1510 649 1709 753 seffilium,
1740 671 1824 736 tum
1845 650 1961 761 stipiti
1979 657 2068 742 inll-¹

712 767 887 850 dcntium
914 785 1142 846 caronarum
1182 759 1520 866 magnitudinem,
1549 760 1622 842 hae
1649 759 1801 864 semper
1827 768 1955 846 multo
1984 769 2068 856 lon,

712 879 877 982 giores,
914 873 1112 979 magisque
1140 867 1320 951 extensae
1345 865 1446 950 sunt·
1459 891 1576 972 quam
1606 865 1782 967 semina;
1812 872 1852 954 δι
1882 897 1977 956 cum
2005 873 2068 958 ssi-

711 987 793 1093 pite
828 1003 1109 1084 nonnunquam
1146 978 1292 1081 calycis
1340 977 1628 1086 longitudinem
1663 977 1914 1084 adaequant,
1954 1002 2000 1066 ut
2025 986 2067 1068 in

712 1087 916 1200 Andryall
949 1087 1160 1192 descriptus
1194 1083 1251 1169 est
1270 1100 1417 1196 pappus
1438 1084 1595 1194 fimplex
1634 1085 1867 1190 longitudine
1905 1090 2066 1198 calycis,

710 1197 832 1284 Lina.
864 1198 959 1282 Gen.
982 1197 1105 1304 plant.
1124 1212 1218 1305 pag.
1249 1216 1342 1298 351.
1401 1193 1646 1276 Coronarum
1673 1197 1791 1278 etiam
1811 1193 1935 1281 Radii
1962 1196 2068 1308 stipi·

715 1327 795 1391 tem
827 1306 941 1412 saepe
967 1305 1035 1389 sua
1063 1307 1178 1414 longa
1209 1301 1435 1386 extensrone
1465 1301 1658 1408 superant.

767 1417 931 1523 Reliqua
969 1415 1019 1499 de
1055 1417 1193 1519 pappis
1233 1433 1450 1515 eorumque
1478 1410 1602 1517 stipite
1634 1407 1880 1518 explananda
1915 1439 1988 1522 per
2011 1422 2070 1502 in·

711 1529 1031 1630 terpretationem
1067 1521 1180 1606 Tala.
1220 1543 1258 1625 ς.
1286 1527 1333 1614 &²
1361 1525 1399 1603 6.
1428 1519 1639 1626 expedivi,
1675 1520 1889 1627 adeoque,
1918 1523 1949 1605 sr
1979 1527 2081 1611 inde·

712 1636 761 1716 ad
797 1635 875 1716 hoc
917 1636 959 1717 dr
993 1629 1167 1734 superius
1207 1631 1338 1740 Caput
1377 1629 1599 1733 applicatio
1617 1627 1721 1731 fiat,
1751 1633 1942 1739 genuinae
1969 1631 2068 1744 figu-

713 1767 812 1842 rae,
846 1743 896 1824 ad
923 1743 1078 1846 propria
1110 1738 1262 1842 objeita
1292 1739 1546 1841 delineatae,
1585 1761 1703 1822 omne
1731 1741 1860 1841 illud,
1889 1745 1998 1846 quod
2024 1747 2065 1828 in

712 1845 917 1936 seminibus
945 1851 1112 1929 maxime
1142 1845 1197 1928 est
1227 1868 1366 1930 notatu
1398 1844 1582 1953 dignum,
1611 1846 1835 1953 expedient.

770 1961 883 2042 Plura
919 1965 1047 2062 itaque
1075 1955 1103 2037 fi
1135 1955 1198 2038 hic
1229 1955 1369 2040 addere
1396 1958 1578 2063 vellem,
1607 1955 1895 2063 supervacaneo
1918 1962 2066 2046 incuna-

712 2073 849 2153 berem
874 2070 1022 2172 labori,
1050 2064 1099 2148 de
1118 2065 1338 2176 perinntlaio
1370 2086 1466 2147 mox
1492 2065 1659 2151 alturus

834 2658 1079 2746 canor
1132 2655 1489 2754 neor-arum
1550 2657 1941 2750 octavum,
2019 2590 2052 2732 s
2161 2741 2164 2744 ,

595 3013 599 3022 ,
705 2973 708 2982 .
792 2905 860 2994 De
894 2907 1022 2994 adera
1056 2906 1226 2994 Seminis
1260 2885 1429 3011 corana,
1465 2911 1569 3020 quud
1598 2911 1876 3001 Perinuthinm
1912 2903 1985 3018 esi?
2047 3005 2052 3029 ‚

717 3250 796 3448 Si
825 3255 1016 3342 seminum
1044 3257 1085 3339 in
1109 3255 1183 3340 hac
1211 3249 1325 3342 classe
1360 3251 1684 3344 construffionem
1713 3273 1861 3342 attente
1898 3251 2069 3341 animad-

809 3385 1034 3477 vertamus,
1063 3367 1362 3476 perianlhium,
1399 3390 1621 3476 quanquam
1659 3370 1817 3473 eiusab
1855 3369 1933 3452 aliis
1959 3366 2067 3452 semi·

712 3501 810 3562 num
837 3477 994 3559 coronis
1025 3499 1108 3559 non
1135 3476 1190 3559 ita
1218 3478 1315 3559 clara
1343 3472 1400 3558 est
1427 3474 1618 3562 distindlio
1637 3489 1664 3578 ,·’
1689 3495 1736 3560 ut
1762 3481 1802 3560 in
1825 3474 2065 3581 precedenti

714 3587 856 3697 Capite
882 3579 1254 3669 demonstravimus.
1282 3586 1395 3668 aliam
1414 3603 1548 3670 nmen
1571 3585 1752 3671 Coronae
1779 3583 1951 3692 speciem
1984 3583 2066 3668 effi·

713 3700 778 3781 tit.
1084 3771 1087 3780 .

765 3802 861 3890 Hoc
890 3823 1020 3912 autern
1056 3805 1148 3890 loco
1177 3803 1443 3914 parianthium
1481 3801 1584 3888 haud
1620 3802 1884 3890 confideretur
1908 3825 1955 3888 ut
1982 3831 2066 3891 car·

701 3932 802 4028 pur,
823 3916 926 4022 qual
935 3937 1094 4020 german
1113 3913 1251 4020 absque
1258 3908 1484 4024 flaminibus
1501 3913 1679 3999 continet.
1707 3911 1826 3999 Linn.
1849 3913 1952 3999 Phil.
1971 3913 2061 4002 Boi.

702 4041 796 4134 pag.
826 4041 893 4130 52.
918 4023 1006 4107 licet
1034 4021 1187 4106 seminis
1215 4023 1376 4105 nucleus
1405 4021 1526 4134 (a),
1555 4026 1595 4109 dc
1623 4023 1695 4109 hac
1723 4027 1871 4108 ratione
1902 4047 2062 4130 quoque

710 4131 901 4234 ejusmodi
929 4129 1222 4237 perianthiunr‚
1251 4152 1274 4210 a
1305 4127 1427 4215 crulll
1458 4134 1634 4216 conaret
1670 4131 1762 4242 (b)
1790 4136 2062 4237 contineatur,

712 4241 822 4326 velut
845 4241 926 4350 jam
951 4242 992 4325 in
1018 4237 1133 4348 ipsrus
1158 4236 1312 4325 seminis
1339 4239 1596 4345 descriptione
1634 4239 1691 4325 est
1725 4233 1967 4376 expolitums
1996 4239 2063 4326 sed

2017 4373 2063 4432 ea

752 4566 819 4650 (a)
842 4563 937 4635 Tar.
960 4579 991 4647 ςτ
1015 4564 1070 4652 fig.
1092 4582 1124 4649 4.
1145 4567 1176 4636 b.
1403 4565 1467 4648 (l)
1491 4563 1568 4634 ibid.
1591 4567 1646 4655 fig.
1672 4585 1703 4652 3.
1725 4567 1755 4636 ἀ
1776 4587 1811 4653 4.
1829 4583 1858 4636 a.
1902 4641 1906 4652 ,
1951 4559 1955 4568 “
