4794 6156
804 1093 1932 1220 cnauruomum

883 1447 887 1460 .
922 1371 1121 1488 Expofitiu
1156 1373 1204 1460 de
1245 1369 1413 1458 corollae·
1433 1371 1623 1484 propriae
1655 1361 1801 1478 figura.
1858 1461 1862 1468 ,
2120 1397 2124 1404 ·

687 1673 953 1922 Quoniam
968 1666 1140 1754 wcorollae
1157 1666 1338 1795 propriae
1365 1661 1668 1772 descriptionem
1702 1664 1840 1770 partim
1867 1682 2037 1770 pertrat·

821 1782 988 1864 ravimus
1025 1781 1066 1860 in
1106 1793 1321 1859 examinata
1360 1774 1519 1858 corollae
1568 1771 1779 1884 compofitae
1818 1772 2035 1882 mudum,

819 1911 984 1992 eamque
1021 1883 1136 1968 istum
1177 1883 1383 1966 floscidum
1426 1879 1504 1966 eise
1541 1881 1740 1984 diximus,
1777 1884 1844 1987 qui
1875 1881 2036 1968 stamina

684 2005 726 2088 δι
754 1996 939 2105 pistillum
964 1993 1149 2098 includit,
1179 1991 1262 2098 ejus
1288 1989 1641 2104 configurationem
1666 1987 1883 2076 accuratius
1903 1989 2036 2078 deseri·

684 2113 776 2194 bere
808 2105 924 2212 hujus
949 2107 1030 2188 loci
1064 2099 1133 2186 est.

738 2219 895 2300 Corolia
914 2233 1045 2296 autem
1064 2211 1148 2295 haec
1170 2207 1391 2298 describitur
1412 2206 1668 2320 monopetala,
1696 2207 1939 2318 rudelinge,
1965 2218 2036 2298 arti

682 2321 877 2434 gustifflmo
903 2319 1070 2426 germini
1082 2317 1269 2420 insidens.
1324 2317 1443 2400 Limr.
1467 2342 1555 2422 gen.
1572 2334 1666 2428 pag.
1696 2343 1789 2424 343.

740 2431 898 2518 Corolla
926 2425 1158 2538 mmqoetala
1185 2447 1382 2530 quaenam
1409 2425 1585 2527 dicatur,
1615 2450 1667 2508 ex
1699 2429 1850 2536 egregii
1877 2423 2035 2510 PON-

683 2533 1015 2628 TEDERAE
1054 2533 1282 2618 definitione
1323 2536 1425 2618 clare
1459 2536 1613 2642 liquet:
1651 2535 1732 2620 Hic
1773 2538 1880 2622 enim
1915 2553 2035 2622 vocat

682 2651 864 2736 corollam
896 2643 964 2730 seu
989 2645 1166 2749 petalum
1227 2639 1469 2750 osculostrm,
1505 2645 1572 2725 vel
1609 2644 1882 2754 monopetalum
1918 2647 2036 2728 talem

682 2757 820 2844 florem
846 2754 913 2859 qm'
936 2752 1133 2836 tubulatus
1157 2778 1177 2836 e
1232 2767 1396 2858 utraque
1430 2765 1586 2860 parte,
1607 2749 1693 2858 sta
1720 2752 1948 2864 receptaculo
1977 2753 2037 2836 dt'·

682 2865 872 2964 vidntur,
900 2873 1078 2968 apertur,
1106 2859 1173 2968 qm'
1192 2857 1341 2969 semper
1370 2861 1486 2943 etiam
1512 2859 1639 2966 stilum
1664 2857 1803 2970 florem
1827 2855 2036 2970 efformet,

672 2969 714 3079 Ji
725 2967 835 3080 pleni
861 2967 1116 3155 exepiantur.
1144 2963 1258 3048 Pom.
1287 2967 1412 3066 Anti.
1441 2965 1533 3074 Cap.
1560 2991 1625 3050 no.
1647 2983 1738 3078 pag.
1764 2991 1833 3072 ,44

736 3077 848 3162 Haec
876 3070 926 3158 de
942 3075 1080 3183 criptio
1110 3071 1276 3156 flosculo
1306 3077 1564 3179 monopetalo
1602 3077 1644 3156 in
1676 3077 1749 3160 hac
1789 3071 1917 3158 Claffe
1944 3100 2036 3182 per·

683 3185 790 3278 fede
816 3183 1051 3288 respondet:
1083 3187 1213 3264 omnia
1240 3184 1346 3265 enim
1368 3186 1523 3287 petala,
1553 3180 1624 3265 sub
1650 3184 1881 3268 lariniarrrm
1909 3189 2036 3274 nomi·

681 3319 733 3380 ne
764 3293 942 3378 corollam
961 3293 1163 3400 propriam
1182 3286 1416 3395 sommantio,
1448 3289 1704 3376 concrescunt
1724 3295 1924 3374 intubum
1952 3296 2035 3376 ion·

681 3427 777 3514 gum
802 3400 884 3484 save
914 3401 1104 3503 brevem,
1133 3398 1235 3481 adeo
1263 3418 1309 3481 ut
1337 3397 1453 3482 srmul
1475 3422 1568 3483 cum
1586 3402 1685 3482 tubo
1706 3425 1829 3484 uuum
1849 3400 2033 3508 idemque

683 3533 828 3619 corpus
859 3501 1036 3590 faciant:
1076 3507 1184 3592 Hinc
1205 3504 1389 3614 flosculus
1416 3509 1701 3616 monopetalus,
1730 3535 1757 3592 a
1781 3513 1954 3616 germine
1972 3511 2035 3620 fe·

672 3635 867 3732 paratur,
894 3618 943 3698 ab
973 3639 1018 3698 ea
1036 3633 1180 3726 parte,
1209 3615 1275 3698 ubi
1301 3617 1337 3698 ei
1363 3615 1522 3724 inficiet,
1550 3641 1665 3724 usque
1696 3618 1928 3702 lariniarum
1954 3621 2035 3728 api·

681 3754 761 3812 cem
788 3725 949 3808 nomine
972 3725 1141 3809 Corollae
1156 3723 1407 3832 monopetalae
1423 3721 1685 3829 distinguitur:
1702 3719 1753 3810 'id
1771 3726 1883 3832 quod
1901 3725 2034 3810 videro
2183 3821 2186 3826 ,

566 3919 570 3928 .
680 3839 772 3922 licet
799 3839 840 3918 in
874 3831 1041 3916 Carlirrae
1063 3831 1194 3939 figura
1228 3828 1355 3940 (a),
1393 3832 1504 3936 cujus
1532 3832 1718 3917 flosculus
1752 3837 1891 3917 lacinia
1936 3858 2034 3918 non·

683 3947 779 4032 dum
799 3945 933 4048 operm
960 3938 1135 4048 perfetio
1162 3939 1302 4022 florem
1332 3939 1606 4050 monopetalrrm
1632 3941 1844 4050 tubulostrm
1875 3940 2006 4028 refert.

739 4051 818 4137 Sed
844 4048 877 4129 sa
907 4071 1027 4157 porro
1054 4053 1095 4130 in
1113 4045 1342 4131 struiiuram
1370 4048 1540 4132 Corollae
1568 4051 1751 4160 propriae
1779 4053 1819 4135 dt
1839 4049 2046 4159 figuratio·-

681 4184 775 4246 nem
803 4156 1061 4240 flosculorum
1089 4157 1208 4265 paulo
1236 4153 1448 4238 distindiius
1479 4159 1747 4264 inquiramus,
1784 4161 1894 4244 ut&
1938 4185 2035 4264 quo-

682 4263 807 4426 mod-o
832 4263 1085 4374 immoriar,
1112 4265 1268 4352 limbum
1296 4267 1337 4352 dt
1363 4267 1521 4373 tubum,
1550 4289 1574 4350 e
1604 4270 1744 4378 quibus
1773 4269 1954 4354 omnious
1973 4271 2037 4462 {aa

723 4579 793 4668 ir)
819 4597 849 4668 3·
872 4580 927 4666 fit·
951 4507 1026 4647 66
