4802 6164
667 506 724 596 74
782 471 868 564 uu
895 465 1213 562 sumturum
1240 455 1570 577 uoaomoue
1598 463 1969 567 mascularum.

721 671 938 784 .Quaenam
969 666 1066 746 ratio
1096 660 1167 762 sit,
1197 683 1266 742 cur
1300 656 1433 742 semen
1465 658 1613 744 dicatur
1651 664 1831 769 ataricum,
1873 689 1956 756 turn
1983 679 2025 764 in

677 781 918 876 distinetione
946 772 1093 874 clariis,
1124 791 1217 853 tum
1255 771 1296 853 in
1325 769 1581 856 flosculorum
1618 771 1873 884 descriptione
1904 784 1943 866 dc
1984 789 2025 868 in

675 884 802 1002 pistari
833 881 1078 989 inquisrtione
1110 879 1257 964 dietum
1294 877 1384 978 est;
1422 903 1566 984 nempe
1594 884 1700 986 quod
1739 909 1839 969 unus
1880 891 2027 977 floscu-

676 1010 747 1092 lue=
772 999 931 1102 ejusque
976 988 1155 1100 pistillum
1195 993 1234 1073 δι
1277 985 1435 1070 stamina
1483 994 1551 1072 uni
1597 991 1844 1079 solummodo
1891 998 2025 1088 semini

673 1117 913 1205 increscant,
941 1101 1114 1204 illudque
1143 1099 1385 1204 producant3
1417 1099 1566 1204 quade
1594 1099 1722 1184 cauffa
1750 1102 1883 1190 semen
1912 1115 2029 1195 ctiam

668 1213 1027 1322 uocaturstrlirare,
1046 1209 1164 1314 idque
1183 1207 1262 1290 fere
1272 1207 1422 1312 semper
1432 1209 1536 1313 apud
1545 1208 1646 1290 LIN
1651 1209 1871 1298 NAEUM
1880 1221 1921 1300 in
1935 1221 2031 1305 Gerr.

672 1328 808 1412 Plant.
835 1322 1121 1404 Verumtamen
1153 1317 1229 1413 hoc
1256 1319 1349 1400 nihil
1381 1317 1483 1402 aliud
1509 1315 1695 1425 denotat,
1726 1328 1844 1427 quam
1872 1331 2030 1414 unicum

678 1436 811 1521 semen
842 1458 864 1515 a
889 1429 1057 1512 flosculo
1087 1427 1266 1530 produci.
2007 1435 2012 1442 '

729 1545 909 1628 Unicum
931 1536 1121 1641 ejusmodi
1150 1535 1278 1619 semen
1316 1537 1534 1643 appellatur
1571 1538 1802 1647 oblongam,
1841 1553 2059 1648 quoniam»

679 1659 910 1762 pierumque
946 1647 1062 1752 huius
1103 1647 1219 1727 claffis
1265 1643 1454 1730 seminum
1491 1647 1678 1734 diameter
1715 1651 2032 1763 longitudinalis,

682 1760 973 1849 transversalem
999 1757 1166 1838 multum
1197 1753 1364 1857 superat.
2012 1805 2013 1810 κ

733 1873 865 1954 Pauca
893 1868 1144 1950 inveniuntur
1173 1887 1272 1968 quae
1293 1861 1413 1972 figura
1440 1862 1611 1971 gaudent
1635 1869 1827 1978 rotundi,
1856 1870 1940 1957 solo
1975 1875 2031 1958 O-

666 1977 887 2090 fleospermi
901 1974 1047 2058 semine
1061 1993 1263 2080 excepto,
1292 1973 1401 2076 quod
1416 1969 1587 2080 perfedte
1599 1973 1654 2058 est
1648 1977 1912 2166 hsphaericam
1941 1982 2029 2093 (a).

679 2092 780 2176 Sunt
806 2092 847 2173 &
873 2089 971 2187 alia,
1000 2107 1101 2188 quae
1127 2083 1255 2166 lineari
1288 2079 1380 2191 (ir)
1409 2080 1624 2188 discrepant
1677 2093 1802 2195 gurd,
1841 2112 1887 2174 ut
1917 2092 2031 2200 Iuge-

678 2217 741 2284 tae
769 2199 809 2282 δι
834 2195 1107 2280 Scorzonerue.
1182 2191 1346 2278 Caetera
1379 2209 1424 2272 ut
1457 2194 1666 2298 plurimum
1708 2195 1797 2282 sunt
1827 2203 2030 2310 oblonga,
2139 2197 2141 2204 ’

678 2313 751 2391 alia
783 2325 914 2391 autem
939 2304 1023 2384 aliis
1052 2305 1141 2409 plus
1167 2304 1294 2385 minus
1322 2299 1509 2406 extensa,
1547 2297 1588 2386 id
1616 2305 1723 2414 quod
1759 2333 1857 2416 mox
1883 2313 2030 2396 videbi·

675 2443 779 2502 anus,

739 2529 861 2632 Saepe
891 2525 1008 2604 etiam
1036 2516 1169 2602 semen
1196 2517 1252 2604 est
1279 2523 1596 2627 quadragenum,
1625 2546 1749 2624 quum
1779 2533 1907 2633 anguli
1939 2553 2030 2636 qua-

681 2657 772 2721 tuor
797 2657 870 2741 per
899 2631 982 2735 eius
1012 2629 1297 2736 longitudinem
1328 2655 1450 2735 usque
1480 2630 1529 2712 ad
1562 2630 1668 2712 basan
1703 2632 1880 2718 diminuti
1907 2645 2034 2722 lateri-

681 2749 756 2830 bus
803 2761 1067 2826 concununt:
1123 2740 1202 2822 hoc
1235 2743 1352 2845 plane
1392 2755 1553 2847 apparet
1590 2743 1630 2822 in
1670 2739 1816 2826 semine
1866 2749 2031 2832 Cartha-

684 2855 740 2937 mi
766 2850 881 2962 (c),
913 2849 1091 2932 Hieratii
1115 2849 1208 2961 (d)
1237 2873 1282 2931 ac
1314 2851 1525 2952 plurimum
1549 2851 1727 2932 aliorum.
1774 2852 1902 2958 Hujus
1934 2883 2036 2942 varo

681 2961 923 3072 figurationis
959 2959 1117 3042 intuitu·
1144 2959 1311 3040 maxime
1340 2960 1488 3040 variant
1523 2955 1688 3058 seminam
1716 2964 1900 3048 novimus
1927 2971 2033 3053 eninr

683 3075 842 3177 trigona
867 3065 989 3178 (e),
1014 3069 1136 3178 plana
1174 3062 1287 3178 (f),
1319 3066 1458 3172 glabra
1495 3063 1612 3176 (g),
1652 3071 1879 3174 inungulata
1909 3075 1934 3186 (
1946 3076 2032 3185 h),

681 3182 814 3282 unde,
844 3194 1007 3284 propter
1037 3176 1189 3260 seminis
1216 3178 1530 3259 convenientiam
1555 3179 1594 3256 in
1623 3176 1780 3262 diversrs
1808 3182 2037 3293 speciebus,

685 3312 869 3402 generum
897 3284 1087 3371 distindtio
1114 3312 1196 3371 aon
1223 3309 1360 3394 parurn
1388 3284 1605 3390 adiuvatur.
2093 3357 2098 3368 .

742 3400 897 3484 Semina
923 3393 1086 3501 figuram
1116 3413 1302 3496 avutam,
1333 3399 1554 3495 cordatum,
1582 3400 1837 3505 ventricostam
1864 3403 1941 3489 &c.
1959 3405 2036 3490 for·

686 3510 828 3594 mantia
855 3504 930 3587 suis
956 3529 1113 3610 quoque
1143 3506 1328 3590 differunt
1352 3509 1538 3607 coronis,
1580 3524 1626 3587 ut
1644 3508 1813 3616 papposts
1839 3509 1865 3618 (
1873 3516 1889 3594 i
1896 3511 1947 3621 ),
1966 3513 2034 3621 sti-

678 3617 819 3732 pitatis
845 3610 967 3724 (k),
991 3616 1161 3698 radiatio
1188 3611 1289 3725 (l),
1312 3612 1486 3724 plumofir
1514 3611 1635 3725 (ως
1665 3617 1815 3720 quaest
1836 3621 2032 3726 deficiant,

685 3725 905 3840 perianthio
934 3719 1028 3834 (n)
1056 3723 1251 3834 singularis
1279 3722 1422 3832 figurae
1451 3722 1539 3808 sunt
1570 3725 1768 3830 praedita,
1796 3729 1895 3814 adeo
1914 3751 1958 3816 ut
1966 3733 2039 3931 isti}

1427 4051 1492 4129 (b)
1516 4051 1596 4118 ibid.
1621 4052 1675 4137 fig.
1699 4073 1750 4128 at.

1322 4141 1328 4152 '
1427 4133 1587 4212 (i)lbid.
1610 4136 1664 4218 fig.
1689 4156 1741 4201 22.

1429 4215 1492 4293 (k)
1517 4215 1597 4280 lbid.
1620 4219 1674 4299 fig.
1701 4216 1752 4283 18.

1427 4297 1464 4375 (l
1529 4298 1589 4362 b'd.
1613 4299 1667 4380 fig.
1691 4321 1744 4382 25.
1870 4363 1874 4368 .

1425 4383 1440 4543 ἱ
1532 4379 1747 4467 bid.·iig.1r.

1449 4485 1470 4525 Β

1472 4299 1485 4376 )

1474 4383 1494 4544 )>
1518 4463 1598 4528 lbid·
1624 4473 1679 4554 aa·
1702 4485 1755 4550 ar·
1778 4467 1830 4554 38·
1852 4487 1905 4560 39·
1923 4485 1959 4546 a

1510 4298 1522 4362 l

1442 4403 1471 4442 m
1514 4380 1525 4443 l
