4802 6164
685 529 770 666 10'0
852 551 940 642 on
966 525 1279 642 cernuum
1305 547 1547 637 cortouA
1570 541 1909 652 oecrrl’ona

690 769 2041 922 mutuemunurosnurotauornommorumuu

794 1033 1074 1124 cneum
1156 1031 1923 1125 Nouuruoccmuum.

981 1269 1049 1358 Dr
1078 1239 1301 1356 Seminibus
1334 1272 1487 1358 Corona
1516 1269 1743 1380 Destitutr's.

684 1508 803 1709 Ex
833 1509 901 1611 iis,
931 1529 1031 1612 quae
1061 1504 1261 1612 hucusque
1286 1504 1337 1589 de
1356 1505 1550 1616 seminum
1575 1508 1748 1612 coronis,
1777 1507 1818 1592 dc
1845 1527 2063 1612 quaenam-

789 1641 874 1700 eae
909 1617 1119 1713 dicantur,
1157 1611 1338 1716 disserui,
1376 1639 1458 1697 non
1488 1615 1648 1714 difficile,
1669 1618 1742 1700 erit
1769 1639 1824 1698 ex
1852 1615 2038 1725 opposito

686 1731 917 1836 percipere,
945 1723 1040 1831 quid
1057 1721 1206 1806 Auctor
1225 1748 1296 1830 per
1305 1722 1456 1834 semina
1474 1727 1622 1808 coronis
1643 1723 1817 1832 destituta
1838 1726 2034 1836 intelligat.

745 1831 857 1916 Haec
887 1829 1013 1940 primo
1042 1829 1131 1914 sunt
1162 1835 1284 1937 talia,
1321 1857 1423 1936 quae
1451 1855 1533 1914 non
1563 1833 1708 1930 habent
1736 1857 1913 1916 coronam
1938 1847 2036 1944 pap.

680 1943 853 2138 ἕψω,
883 1939 1085 2024 autsimul
1112 1963 1206 2025 cum
1229 1935 1395 2024 flosculis
1427 1939 1515 2024 sunt
1540 1939 1739 2025 decidua:
1781 1939 1952 2026 secundo
1979 1962 2039 2028 ta·

686 2051 929 2248 ,uellit
953 2047 1533 2266 ἑξῗῃῖᾚέμᾘῖἓ
1553 2048 2051 2266 llllllts‘tt‘llll

686 2253 815 2357 thium
854 2266 1017 2352 omnino
1058 2265 1229 2374 conspici
1268 2288 1440 2372 nequeat
1471 2269 1533 2350 vel
1570 2268 1702 2354 saltem
1730 2220 1838 2352 ninia
1865 2291 2038 2353 coronae

640 2391 644 2400 ’
687 2376 816 2487 figura
843 2375 966 2480 adsit,
991 2377 1082 2459 licet
1107 2397 1239 2458 revera
1276 2376 1419 2482 aliquid
1444 2379 1697 2483 inveniatur,
1728 2402 1808 2481 quo
1837 2381 1947 2462 locus
1973 2403 2036 2462 ca·

686 2489 810 2592 lycio,
837 2488 903 2594 qui
929 2485 1037 2590 prius
1060 2481 1253 2585 adfuerit,
1281 2505 1451 2569 notetur.
1506 2485 1747 2590 Huiusmodi
1774 2485 1863 2568 sunt
1889 2509 1951 2570 ex.
2023 2548 2036 2571 .

684 2593 831 2680 semina
859 2587 1099 2704 Osteospermi
1129 2589 1258 2702 (a),
1288 2593 1472 2703 Anacycli
1500 2591 1630 2704 (l),
1667 2593 1885 2676 Achillaeae
1917 2512 2035 2704 (εξ,

687 2701 927 2814 Laenpfanac
955 2729 996 2807 4
1024 2704 1063 2785 δι
1092 2699 1304 2814 perfectius
1331 2703 1489 2808 quidem
1522 2699 1784 2805 Calendulae,
1821 2723 1920 2806 quae
1946 2705 2035 2784 nul?-

689 2814 774 2895 lum
801 2809 945 2894 visibile
974 2807 1064 2892 suae
1093 2833 1265 2894 coronae
1312 2809 1518 2918 vestigium
1554 2812 1810 2918 relinquunt,
1849 2805 1919 2890 nist
1947 2812 2034 2914 quis

688 2917 849 3023 dorsum
882 2917 1136 3022 echinatum,
1173 2919 1282 3023 quod
1318 2917 1495 3028 figuram,
1514 2920 1790 3028 vegetabilium
1826 2916 2037 3032 esl'ormare

687 3029 851 3131 dicitur,
881 3051 953 3138 pro
985 3051 1130 3110 corona
1159 3027 1301 3112 habere
1317 3031 1433 3112 uelit.
1626 3123 1631 3139 Ι
1708 3043 1709 3049 ‘

744 3138 785 3222 Si
813 3159 911 3222 vero
945 3135 1134 3221 seminum
1170 3159 1342 3220 coronae
1379 3135 1506 3222 stridle
1545 3137 1818 3244 inquirantur,
1855 3139 1961 3221 nulla
1983 3163 2040 3224 ex

685 3248 753 3332 illis
781 3247 868 3350 sane
883 3248 1148 3354 detegemus,
1177 3269 1280 3350 quae
1307 3248 1347 3330 in
1374 3246 1448 3330 suis
1475 3245 1756 3333 summitatibus
1775 3267 1858 3330 non
1874 3248 2041 3354 aliquod·

686 3356 836 3464 lignum
856 3357 920 3440 vel
945 3353 1168 3464 rotundum.
1186 3355 1461 3460 corpusculum
1481 3357 1673 3461 habeant,
1706 3377 1752 3440 ut
1774 3356 1953 3468 reliquias
1972 3381 2036 3440 ca·

686 3465 783 3568 lycis
806 3467 987 3570 proprii,
1016 3464 1122 3546 unde
1149 3459 1296 3547 flosculi
1322 3463 1414 3547 situs
1442 3487 1636 3574 appareat.
1692 3463 2041 3575 Respediuigitur,

688 3576 879 3656 absentiae
917 3571 1145 3655 corollarum
1181 3585 1304 3763 pappo
1321 3599 1436 3656 orum
1474 3577 1513 3658 δι
1551 3576 1797 3684 propriorum
1840 3573 2031 3680 caucum,

685 3682 826 3787 alioqui
853 3679 1083 3783 visibilium,
1111 3681 1211 3772 haec
1267 3681 1431 3779 istinclio
1460 3679 1637 3792 (coronal
1656 3705 1800 3796 nempe
1821 3680 2031 3792 destituta)

682 3792 724 3873 in
754 3790 920 3874 clallicali
950 3788 1178 3873 definitione
1209 3789 1337 3872 datur.
1608 3789 1613 3802 ’
1645 3805 1648 3818 ’
2032 3817 2036 3828 ’

741 3900 855 3982 Plura
883 3899 957 3981 hnc
988 3899 1037 3980 de
1066 3923 1108 3980 re
1136 3897 1376 3980 observanda
1403 3921 1485 3980 non
1515 3895 1685 4002 adsunt;
1713 3899 1880 4008 proinde
1910 3923 2032 4008 quum

682 4007 870 4091 seminum
888 4004 1177 4091 fabricationem
1199 4009 1400 4112 variasque
1436 4009 1577 4091 notatu
1606 4009 1738 4118 dignas
1759 4009 1942 4096 &visum
1962 4015 2032 4094 ob-

682 4115 868 4200 lettantes
894 4114 1034 4224 figuras
1063 4114 1143 4220 jam
1173 4113 1616 4222 trastavi,peculiarem
1644 4119 1836 4221 modum,
1865 4144 1944 4225 quo
1975 4119 2031 4202 se·

682 4224 787 4306 mina
819 4247 842 4306 e
871 4227 1119 4328 receptaculo
1151 4222 1444 4327 exploduntur,
1475 4249 1570 4306 mox
1589 4223 1673 4308 sum
1693 4227 1957 4338 exposrturus,
1987 4227 2030 4312 ut

682 4330 773 4415 inde
798 4333 1047 4446 ,Coronarum
1071 4335 1112 4417 in
1140 4329 1286 4416 semine
1307 4333 1452 4416 utilitas
1479 4353 1625 4437 pateat.

723 4489 1049 4670 &manag-&sp
1067 4517 1120 4586 ²7·
1419 4503 1482 4584 (c)
1508 4501 1584 4569 ibid.
1610 4505 1665 4590 fig.
1682 4505 1735 4572 26.
