4794 6156
613 575 758 664 on
839 565 1490 666 rrsrrnlo.
1692 606 1745 692 59

376 769 516 860 venitm
554 769 621 856 hic
647 771 714 852 ‘in'
732 770 815 853 aliis
851 789 1052 874 nunquam
1090 783 1172 849 tam
1200 765 1301 851 teila
1325 765 1475 880 surgit,
1511 785 1556 856 nt
1582 771 1620 861 se
1647 799 1732 887 per.

374 877 697 994 pendieularitet,
722 881 832 962 velut
859 881 900 960 in
935 881 1068 960 multis
1095 875 1251 960 liliaceis
1277 873 1466 964 soffineat.
1708 929 1711 940 ·

432 991 641 1076 caeterum
665 993 707 1071 in
732 988 926 1070 Themate
956 985 1178 1072 describitur
1206 985 1344 1093 stilus,
1377 985 1581 1088 staminum
1608 991 1734 1100 longi·

377 1103 547 1199 tudine,
580 1118 683 1182 certe
711 1105 757 1179 ut‘
782 1095 1086 1206 cognoscamus,
1119 1121 1211 1182 eum
1238 1119 1322 1178 non
1350 1099 1461 1179 altitu
1488 1123 1604 1203 quarn
1628 1103 1731 1208 ipsos

374 1213 505 1314 aploes
543 1229 612 1291 aut
648 1209 874 1290 denticulos
905 1201 1149 1290 anthetarum
1179 1203 1381 1311 crescere,
1420 1209 1510 1312 quin
1533 1267 1547 1309 ,
1573 1207 1732 1299 simulac

379 1319 586 1402 adortum
616 1319 835 1421 pervenerit
863 1317 1136 1421 altitudinem,
1163 1313 1300 1426 stigma
1321 1313 1360 1400 se
1378 1311 1506 1397 statim
1522 1317 1730 1406 monstratt
1837 1403 1841 1414 ,
1994 1319 2001 1334 ’

372 1429 421 1510 ·Si
450 1451 547 1510 vero
577 1423 648 1508 stili
691 1427 970 1533 longitudinem
999 1425 1213 1513 staminum
1250 1427 1397 1510 intuitu
1421 1419 1731 1534 tnnfideremus,

378 1541 431 1620 iis·
450 1559 541 1620 etun
570 1537 704 1643 potius
735 1534 855 1642 duplo
880 1537 1096 1641 longiorem
1132 1530 1211 1616 elle
1246 1533 1402 1638 liquet,
1441 1535 1536 1618 dum
1563 1535 1733 1624 Stamina

380 1646 517 1752 quoad
543 1642 826 1752 longitudinem
855 1665 877 1724 a
905 1646 998 1726 loco
1037 1635 1129 1726 suae
1161 1640 1372 1727 insertionis
1400 1642 1488 1755 (x)
1515 1643 1555 1728 id
1580 1643 1672 1753 est,
1709 1673 1734 1736 e

380 1757 593 1839 corolltdne
632 1753 734 1836 collo
768 1749 860 1862 (y)
903 1751 1178 1834 mensurantur.
1234 1751 1435 1862 Quoniam
1471 1755 1602 1860 itaque
1628 1753 1736 1842 stilus

380 1888 451 1973 per
489 1860 629 1946 tubum
668 1856 763 1972 (a)
807 1857 1007 1966 usquead
1032 1881 1190 1967 germen
1224 1859 1320 1970 (a)
1348 1860 1571 1969 descendit,
1599 1859 1733 1976 (dom

376 1977 500 2056 tubus
536 1975 636 2054 inter
678 1973 861 2052 corollam
898 1965 943 2052 dt
979 1991 1132 2079 gemren
1171 1967 1264 2080 (b)
1309 1967 1375 2055 sui
1401 1973 1644 2090 longitudine
1671 1979 1735 2058 vel

261 2081 294 2180 J
379 2082 539 2166 stamina
565 2079 757 2184 adaequat
784 2082 846 2161 vel
866 2082 983 2162 etiarn
1013 2077 1224 2187 superat),
1254 2079 1344 2162 hinc
1370 2075 1475 2164 stilus
1501 2078 1624 2191 (c),
1663 2087 1734 2189 qui

379 2190 585 2273 staminum
617 2189 780 2294 tubique
813 2187 1094 2296 longitudinem
1122 2190 1339 2296 percurrit,
1367 2209 1450 2272 non
1476 2207 1629 2272 tantum
1655 2215 1736 2276 am·

377 2303 509 2384 bobus
536 2300 739 2402 aequalis,
779 2294 843 2380 sed
881 2299 920 2382 dr
958 2293 1184 2379 staminibus
1219 2313 1325 2380 certe
1357 2299 1510 2407 longior
1535 2295 1628 2404 est,
1663 2299 1735 2385 nist

375 2407 444 2492 lrlc'
471 2413 511 2490 in
532 2405 877 2490 consrderationem
898 2409 1058 2497 veniat.
1077 2397 1282 2489 staminum
1309 2404 1505 2490 filamenta
1522 2428 1592 2516 per
1611 2409 1732 2516 ipsam

376 2521 463 2602 tubi
490 2513 733 2600 substantiam
761 2538 886 2620 usque
919 2515 970 2598 ad
1020 2536 1151 2598 ennen
1171 2513 1427 2619 descendere,
1456 2516 1567 2622 quod
1584 2535 1632 2602 ut
1649 2543 1734 2602 cer·

378 2627 551 2711 tissnnum
591 2627 633 2707 in
669 2625 799 2708 multis
838 2623 983 2709 demon
1059 2627 1088 2705 ri
1124 2621 1290 2734 potest,
1329 2627 1370 2712 dt
1398 2625 1476 2709 hoc
1501 2647 1594 2734 ergo
1620 2626 1732 2712 sensu

377 2735 582 2821 staminum
620 2737 685 2818 lon
769 2734 900 2828 dinem
931 2733 1137 2818 imitabitur
1166 2733 1303 2834 iilius,
1340 2735 1395 2819 dtv
1421 2737 1561 2840 pariter
1586 2738 1731 2840 etiam,

376 2869 424 2932 ιιι
456 2845 608 2931 didtum
649 2869 672 2927 e
728 2867 861 2948 ,non
899 2841 1008 2949 supra
1049 2841 1246 2926 Anthems
1281 2839 1494 2952 exsurget,
1533 2841 1628 2928 licet
1655 2841 1732 2930 hoc

378 2955 587 3062 aliquando
617 2977 778 3060 quoque
808 2951 890 3036 lieri
909 2955 1119 3038 videamus.
1177 2951 1273 3034 inde
1300 2954 1429 3056 itaque
1455 2954 1730 3038 concludendo

380 3065 574 3170 sequitur,
594 3059 726 3146 stilum
754 3059 1002 3168 staminibus,
1029 3059 1202 3167 respediu
1222 3062 1343 3146 totius
1368 3084 1503 3144 eonem
1525 3060 1733 3166 decursds,

278 3201 281 3212 ¹
375 3173 617 3282 longitudine
657 3167 735 3256 elle
777 3195 947 3279 parem,
985 3193 1124 3256 verunt
1165 3172 1308 3254 intuitu
1341 3189 1478 3253 eonem
1512 3168 1730 3257 insertionis

274 3337 277 3344 ·
373 3285 442 3367 lon
469 3285 604 3363 orem.

434 3306 558 3472 Ιξιοιιο
584 3385 715 3491 illud,
750 3387 859 3491 quod
886 3387 936 3470 de
968 3387 1235 3473 Antberarum
1266 3385 1446 3494 cylindro
1472 3375 1729 3498 proponintr,

378 3523 452 3586 nos
463 3499 572 3584 ducit
583 3496 631 3580 ad
640 3495 915 3602 inquirendum
924 3496 1113 3600 modum,
1135 3519 1218 3602 quo
1227 3491 1331 3578 stilus
1342 3521 1432 3580 eum
1442 3495 1632 3606 perforet.
1656 3501 1730 3586 Sti·

377 3613 461 3698 lum
493 3607 581 3694 sane
609 3605 879 3690 Antherarum
907 3607 1118 3714 gundram
1136 3597 1342 3716 perforare
1367 3605 1447 3690 vidi
1473 3606 1551 3691 hoc
1585 3609 1725 3712 padio:
1863 3666 1868 3670 .

381 3784 412 3828 „
442 3721 558 3804 Stilus
594 3714 691 3827 (d)
719 3715 934 3824 egennine
962 3709 1098 3798 sensim
1123 3713 1328 3817 exoriens,
1353 3711 1422 3796 sua
1449 3703 1622 3823 stigmata
1638 3716 1724 3826 (a),

380 3827 493 3936 „de
523 3829 664 3934 quibus
691 3843 787 3908 mox
819 3817 994 3908 disturus
1023 3823 1134 3926 sum,
1161 3821 1368 3927 conjundta
1393 3822 1515 3906 habet
1545 3843 1599 3907 eo
1628 3843 1726 3910 tem-

380 3996 412 4042 „
437 3959 570 4043 pore,
598 3958 680 4041 quo
709 3935 955 4018 antheramm
983 3933 1174 4042 cylindrus
1203 3929 1425 4038 formatur,
1454 3931 1551 4016 dum
1580 3928 1656 4026 hae
1672 3953 1726 4020 ta-

381 4109 412 4155 „
441 4051 520 4132 lem
545 4047 587 4128 in
613 4043 778 4128 modum
809 4045 1079 4149 coaluerunt,
1107 4061 1156 4127 ut
1190 4043 1375 4152 conns,
1403 4057 1480 4152 qua
1508 4038 1612 4128 stilus
1631 4063 1725 4174 eon·

764 4209 770 4220 “
1590 4202 1640 4264 'tt
1676 4173 1725 4242 tl·
