4794 6156
592 533 737 624 DE
818 526 1477 624 PlSTlLLO.
1657 547 1705 630 σι

355 735 444 847 Jam
469 729 523 820 ad
557 731 709 816 tertiam
734 721 865 813 Pistilli
971 745 1036 808 em
1065 717 1358 808 examinandam
1384 727 1568 836 accedo,
1606 753 1710 839 quae

359 841 418 930 est
454 843 551 926 illius
586 835 720 948 stigma
758 834 828 921 seu
882 833 1062 942 elamitas
1088 831 1246 914 madida
1275 832 1429 921 humore
1448 839 1573 948 pollen
1601 867 1736 944 runa⁸

351 953 477 1066 pendo
506 945 627 1035 Lina.
655 947 731 1030 Ph.
765 943 856 1032 Bul.
878 959 971 1053 pag.
992 967 1059 1050 53.
1087 965 1132 1024 ac
1159 936 1382 1026 describitur
1408 947 1592 1057 bipartita
1617 949 1710 1036 lacl-

359 1063 434 1148 niis
463 1057 672 1162 revolutis,
693 1056 929 1168 patentibus.
969 1119 975 1132 .
1540 1123 1547 1134 ,
1693 1101 1696 1112 ·

416 1169 607 1280 Brpartitr'
626 1164 817 1272 stigmatis
848 1161 1142 1270 cognominatio
1170 1161 1260 1246 inde
1288 1164 1421 1268 venit,
1447 1169 1634 1270 quoniam
1651 1167 1711 1254 fe·

363 1303 405 1364 re
435 1281 476 1361 in
505 1277 689 1361 omnibus
717 1272 832 1379 hujus
849 1269 975 1354 Clalirs
995 1269 1246 1354 flosculorum
1274 1269 1363 1356 stilis
1389 1275 1430 1356 in
1462 1275 1556 1358 duas
1582 1298 1710 1382 partes

363 1389 443 1472 five
477 1387 630 1470 lacinias
670 1382 889 1466 extenditur
924 1381 988 1462 vel
1013 1381 1227 1462 revolvitur
1254 1380 1376 1492 (i),
1412 1384 1521 1488 quod
1547 1382 1627 1488 fit,
1666 1407 1712 1470 ut

364 1495 477 1606 supra
500 1493 579 1600 jam
607 1494 781 1591 notavi,
821 1513 942 1594 quum
973 1486 1154 1571 flosculus
1194 1491 1309 1594 plane
1337 1489 1414 1596 J'arn
1444 1491 1503 1574 est
1538 1513 1707 1599 apertus.

367 1606 626 1690 Inveniuntur
658 1621 827 1684 attamen
858 1596 1040 1691 nonnulla
1070 1593 1276 1703 stigmata,
1314 1624 1415 1705 quae
1443 1601 1482 1684 se
1509 1625 1712 1712 nunquam

239 1781 246 1794 .
365 1711 527 1798 induas
557 1709 774 1794 extendunt
799 1709 990 1810 lacinias,
1028 1703 1096 1786 sed
1125 1706 1398 1792 tantummodo
1435 1733 1487 1792 ex
1513 1716 1591 1794 una
1617 1736 1714 1796 con·

365 1821 465 1906 stant
492 1839 639 1924 parte,
678 1840 723 1903 ut
753 1841 815 1898 ex.
847 1839 898 1922 gr.
939 1818 980 1897 in
1010 1813 1188 1897 othonna
1217 1817 1258 1904 dr
1290 1817 1617 1922 hermaphroditis
1640 1821 1715 1906 Sil·-

360 1932 444 2042 phil
468 1925 634 2011 flosculis
660 1922 775 2036 (k):
831 1921 1068 2028 Hujusmodi
1096 1917 1255 2028 stigma,
1284 1923 1398 2029 cujus
1421 1931 1644 2036 exemplum
1670 1933 1713 2014 in

365 2039 571 2124 exhibetur
609 2036 718 2118 Tan.
746 2059 786 2138 4.
827 2051 989 2115 vocatur
1013 2028 1197 2134 simplex3
1225 2029 1340 2136 idque
1370 2030 1499 2117 forsan
1520 2037 1615 2120 illud
1632 2035 1713 2144 est,

367 2145 474 2256 quod
500 2148 674 2228 intuetur
691 2137 1069 2245 LINNAEUS,
1098 2137 1260 2244 quaudo·
1286 2139 1561 2249 ipsumstilttm
1593 2145 1717 2232 deno—
1819 2169 1825 2188 ·

366 2258 489 2337 minat
511 2251 713 2364 stmplicem
739 2254 780 2334 in
805 2247 1007 2357 'dilargitam
1043 2269 1135 2331 nam
1170 2249 1349 2356 alioquin
1375 2247 1488 2334 stilus
1518 2276 1720 2364 nunquam

366 2365 564 2448 invenitur
594 2361 745 2470 duplex.
1010 2445 1014 2452 ,

424 2471 544 2556 Duae
581 2472 711 2574 itaque
735 2465 956 2575 stigmatum
991 2470 1118 2573 praeci
1146 2491 1219 2552 uae
1265 2465 1411 2574 species
1454 2470 1587 2577 quoad
1626 2473 1716 2558 laci-
1876 2549 1879 2554 .

365 2603 517 2796 mlum
545 2602 749 2665 numerum
776 2580 819 2660 in
856 2577 929 2660 hac
967 2572 1079 2672 claffe
1106 2494 1194 2660 liant
1232 2579 1461 2677 notandae,
1489 2579 1647 2692 strnplex
1674 2585 1717 2670 da

392 2719 404 2775 t
459 2715 538 2772 um.

422 2795 595 2904 Bifidum
622 2795 813 2881 duntaxat
839 2819 862 2878 a
892 2819 956 2880 me
984 2789 1213 2903 descriptum
1241 2819 1293 2880 ex
1323 2799 1470 2880 duabus
1487 2796 1639 2886 laciniis
1657 2825 1720 2886 rc·

366 2907 510 2996 volutis
543 2907 761 3017 potentibus
787 2903 990 2989 constitere
1020 2905 1177 2988 inveni:
1234 2905 1396 2990 laciniae
1425 2903 1493 2990 hic
1518 2905 1607 2993 sunt
1633 2936 1719 2994 cor·¹

365 3017 523 3128 pulcula
553 3017 696 3126 longa,
724 3034 853 3098 tenera
886 3011 995 3124 (l),
1025 3035 1161 3119 quae,
1190 3014 1285 3098 dum
1312 3017 1353 3097 in
1379 3014 1447 3098 sua
1475 3020 1621 3126 origine
1652 3043 1720 3103 cu·

366 3127 565 3226 haerent,
602 3123 687 3208 stilo
717 3121 829 3234 (m)
861 3125 1104 3232 affiguntur,
1141 3125 1182 3208 dc
1223 3121 1413 3231 siquidem
1450 3147 1588 3208 eorum
1618 3126 1722 3211 sum·

368 3236 522 3318 mitates
549 3235 677 3336 primo
707 3232 797 3314 sunt
825 3231 1001 3328 arettae,
1028 3230 1167 3313 deinde
1186 3229 1264 3314 lese
1284 3230 1538 3316 extendentes
1558 3253 1720 3341 patent,

280 3385 284 3395 ·
368 3339 504 3454 postea
532 3359 663 3420 autem
690 3337 824 3422 versus
839 3339 1083 3420 anthei-arum
1112 3341 1241 3445 apices
1275 3337 1329 3422 se¹
1356 3342 1565 3425 revolvunt
1594 3340 1720 3456 (n),

368 3455 443 3538 hae
481 3449 640 3532 laciniae
676 3463 720 3530 ut
754 3445 939 3528 revoluta
966 3460 1143 3552 patentes
1179 3442 1458 3530 deseribuntur.
1516 3450 1720 3561 Quemad-

370 3559 536 3646 modum
571 3577 700 3640 autem
740 3554 839 3636 haec
873 3555 1070 3636 revolutio
1098 3551 1191 3655 fiat,
1218 3576 1350 3638 revera
1380 3556 1572 3644 observari
1599 3587 1722 3648 mere·

372 3693 456 3770 tur,
483 3685 630 3775 utpote
655 3666 696 3746 in
728 3665 842 3747 variis
869 3659 1107 3768 stigmatibus
1139 3657 1261 3744 varie.
1716 3699 1722 3708 .

428 3779 476 3862 ln
504 3777 637 3858 multis
664 3772 866 3860 observavi
899 3769 1031 3878 stigma
1060 3792 1178 3875 quam
1208 3769 1407 3854 diutillime
1435 3797 1593 3857 manere
1617 3778 1724 3860 clau·

372 3887 493 3989 sum,
529 3887 658 3992 itaut
688 3903 973 3984 nonnunquam
1010 3882 1050 3962 in
1078 3879 1240 3962 dubium
1270 3882 1478 3989 venerim,
1513 3907 1610 3966 num
1640 3889 1725 3992 qui·

374 3998 466 4081 dem
497 3989 649 4085 elieth
705 3991 801 4093 len,
839 4009 885 4074 ut
921 3987 967 4072 lit
995 3991 1036 4072 in
1064 3988 1291 4098 Echinope,
1329 3987 1440 4093 cujus
1468 3991 1627 4076 lacinim
1656 3995 1727 4080 diu

372 4107 625 4192 cohaerentes
682 4103 841 4206 einceps
868 4098 1039 4183 latilime
1073 4115 1223 4208 patent.
1301 4094 1348 4184 In
1383 4095 1517 4230 Astera
1554 4124 1594 4206 7.
1622 4101 1724 4212 Royr

1610 4213 1738 4323 prod..

417 4433 473 4514 (i)
494 4422 591 4498 ΤΚΒ.
613 4449 645 4513 4·
668 4427 722 4516 lig.
746 4446 799 4510 25.
821 4427 878 4516 fig,
900 4423 956 4494 28„
972 4443 1025 4516 gg,
1110 4425 1126 4502 (
1133 4421 1168 4502 1)
1192 4423 1270 4522 Ῑδῑῲ
1293 4423 1347 4508 ἧς,
1371 4441 1423 4509 32·
1445 4443 1489 4492 a·

413 4531 657 4682 “fimi
681 4609 733 4680 ³¹·
751 4611 804 4662 ⁸³
1108 4505 1561 4760 iffr¹rlldsir⁶iiiiirbss
1710 4565 1724 4597 ‘'

1197 4697 1228 4780 3
