4794 6156
430 543 547 638 aa
602 544 948 642 caraea
1002 555 1549 668 rrraaruasn
1625 615 1677 699 η

340 746 518 848 quentis,
546 745 599 827 ita
625 761 670 828 ut
695 767 774 828 una
802 745 931 858 sqama
961 755 1128 838 exterior
1153 759 1364 852 identidem
1383 771 1498 858 latera
1518 773 1684 870 duarum·

338 849 564 935 inferiorum
593 851 805 960 involvat,
843 857 969 944 donec
996 863 1154 948 tandem
1190 870 1400 962 diminutae
1429 886 1469 966 in
1496 885 1679 978 inferiore

336 978 448 1066 parte
471 960 584 1066 Discr'
625 962 857 1072 dispareant,
885 973 1024 1051 eodem
1055 975 1179 1059 modo
1210 1003 1291 1086 quo
1313 986 1472 1092 piscium
1494 993 1675 1100 squamae

338 1067 454 1203 perso
484 1069 730 1156 inhaerentes
754 1071 834 1158 sese
861 1079 1003 1190 uersus·
1021 1088 1218 1170 cervicem
1249 1091 1480 1184 diminuunt.

394 1178 498 1262 Talis
523 1175 692 1280 fabrica,
720 1201 764 1264 ut
792 1183 893 1268 dida
918 1193 1100 1294 exemplo
1126 1194 1330 1309 illustrem,
1359 1213 1507 1314 optime
1531 1214 1680 1303 inveni·

337 1291 442 1374 nitur
473 1291 515 1370 in
550 1288 766 1372 Centaurea
796 1293 968 1378 Secunda
1004 1298 1101 1407 Ray.
1130 1310 1245 1412 prod.
1276 1327 1368 1420 pag.
1411 1342 1500 1424 137.
1581 1323 1678 1432 Ejus

338 1397 527 1500 Calycem
554 1421 575 1478 c
622 1408 763 1481 atatam
789 1398 956 1506 squamis
982 1411 1111 1490 ovatis
1124 1413 1324 1520 'laevrbus‚
1351 1425 1583 1533 inenmbus,
1613 1460 1635 1518 a

338 1506 553 1614 perrdiculis
589 1509 766 1613 oliaceis,
793 1511 1034 1596 imbricatum
1064 1513 1182 1624 (ssd.
1211 1525 1310 1613 Tab,
1341 1555 1358 1616 r
1407 1533 1490 1648 Fig.
1521 1539 1595 1652 8.)
1638 1569 1679 1629 e-

334 1613 472 1720 ¹quenti
498 1613 620 1697 modo
649 1613 908 1702 construbbum
939 1625 1085 1708 inveni.

394 1723 535 1806 Prima
561 1721 674 1808 series
701 1724 828 1836 (a),
856 1729 1039 1816 flosculos
1070 1753 1267 1846 tangens,
1298 1771 1320 1830 e
1360 1750 1497 1858 sqamis
1535 1761 1677 1872 longis-

338 1829 440 1916 srrnis
471 1833 732 1938 appendiculr's
765 1843 1064 1926 membranaceis
1093 1845 1184 1957 (b)
1223 1855 1403 1943 constat:
1434 1865 1532 1952 haec
1562 1895 1585 1952 a
1612 1873 1678 1956 St·

339 1945 465 2024 cunda
484 1939 578 2022 serie
604 1940 688 2049 (c)
716 1941 880 2046 squamis
899 1950 1120 2061 latioribus,
1149 1965 1407 2066 appendiculis
1436 1979 1681 2064 membrana·

336 2053 417 2134 ceis
432 2045 671 2132 brevioribus
698 2048 772 2161 (d)
801 2057 1083 2143 circumdatur:
1119 2061 1247 2152 sertia
1276 2071 1344 2184 (a)
1371 2076 1536 2184 squamis
1554 2091 1679 2172 mino-

336 2161 439 2242 ribus
471 2161 699 2242 membranis
735 2163 955 2249 breviliimis
991 2167 1078 2278 (l)
1117 2173 1360 2286 Secundam
1442 2207 1561 2278 narra
1587 2195 1682 2308 (g)

335 2287 469 2350 autem
498 2265 626 2350 adhuc
655 2270 783 2351 minor
805 2276 1044 2358 membranrs
1073 2277 1253 2370 destituta
1292 2290 1386 2402 (h)
1454 2301 1594 2386 'artium
1621 2309 1679 2388 irr-

336 2376 482 2475 cludit3
511 2372 666 2486 Quinta
693 2375 780 2487 (i)
808 2380 977 2490 denique
993 2382 1202 2490 squamulis
1219 2401 1530 2506 unguisormibus
1558 2410 1680 2526 (k),

336 2487 893 2706 slsis-'lababant
918 2495 1116 2689 diffissa
1132 2501 1308 2697 illil-
1321 2506 1717 2726 fidiiussi’cff‘v

336 2705 407 2804 lyx
438 2723 489 2782 ex
519 2699 674 2786 diversrs
694 2699 860 2792 seriebus
887 2710 991 2795 arde
1016 2717 1328 2810 incumbentibus
1355 2731 1497 2816 claudit
1520 2735 1560 2819 se
1589 2735 1688 2845 post·

336 2806 666 2896 deflorescendum
696 2811 975 2928 flosculorum,
1002 2845 1048 2905 ac
1073 2821 1217 2912 semina
1236 2829 1285 2914 ad
1307 2843 1567 2926 maturitatem
1586 2871 1678 2954 pro·

336 2917 574 3004 movendam
602 2918 669 3004 diu
694 2923 935 3035 conservat,
964 2936 1215 3036 quamobrem
1246 2945 1363 3028 etiam
1391 2971 1414 3028 a
1445 2951 1567 3055 calyce
1586 2957 1687 3064 stne

358 3028 422 3110 lici
453 3026 664 3134 discrepare
693 3033 887 3144 videtur,
925 3063 1016 3122 nam
1045 3040 1110 3124 hic
1140 3051 1256 3133 unica
1288 3071 1438 3138 tantum
1476 3056 1573 3145 serie
1598 3068 1681 3148 cin·

337 3135 422 3221 slus
449 3133 596 3222 facilius
627 3145 664 3223 se
704 3148 826 3250 aperit
862 3147 911 3232 ad
935 3149 1222 3259 explodendum
1258 3157 1416 3260 semina.
1447 3165 1539 3250 Vid.
1578 3173 1677 3278 Cap.

337 3246 384 3327 de
409 3243 608 3350 eaplofiorre
626 3247 830 3352 seminum.

371 3347 684 3452 ‚observationis
713 3355 844 3442 cardia
866 3361 930 3444 hic
958 3388 1118 3475 quoque
1143 3371 1295 3478 Calycis
1327 3377 1508 3468 Hierasos
1516 3387 1681 3495 secundi

337 3457 430 3554 Liar.
442 3458 504 3580 Sp.
509 3457 563 3566 pl.
566 3475 660 3586 pag.
673 3463 765 3544 800.
787 3464 1079 3575 descriptionem
1097 3477 1310 3567 addendam
1324 3487 1481 3599 judico,
1494 3501 1682 3600 quoniam

335 3571 423 3671 hic,
452 3569 546 3650 lrcet
571 3569 790 3654 imbricatae
808 3579 1049 3688 appelletur,
1080 3586 1252 3671 medium
1279 3595 1375 3676 inter
1401 3601 1682 3694 amaricatos&

337 3673 523 3784 adsies&
564 3685 698 3760 tenere
706 3679 1103 3794 videtur3esquamr‘s
1112 3697 1215 3776 enim
1226 3701 1518 3815 irregularibus,
1538 3711 1692 3798 lineam·

336 3789 438 3890 bus,
485 3787 494 3804 ·
529 3784 633 3892 uris,
652 3789 1240 3914 concreassmfitafurmatru,
1260 3827 1305 3892 ut
1318 3805 1499 3922 squamae
1513 3819 1682 3930 longae,

1487 3988 1492 3996 .
1584 3951 1686 4036 quae
