4794 6156
447 447 1435 614 'cnnncsonnu

335 767 527 886 ferepent.
554 759 737 874 Quisque
765 759 894 866 igitur
908 780 1005 859 ea,
1040 779 1140 866 quae
1175 759 1239 843 bic
1280 762 1328 844 ele
1359 761 1705 878 cantaturam.

341 904 499 1012 cognitu
532 899 751 1014 neceffariis
793 896 911 1007 efficia
958 897 1116 980 exhibeo
1142 957 1156 999 ‚
1184 914 1262 1009 pra
1297 900 1425 988 lubitu
1461 907 1519 998 ael
1546 927 1697 1013 genera

342 1043 539 1158 applicet,
576 1059 621 1126 ut
649 1061 845 1140 vocum,
884 1063 982 1148 quas
1003 1038 1151 1122 -dicunt
1179 1038 1387 1126 technicas
1414 1103 1430 1152 ‚
1461 1045 1704 1134 intellelbum.

343 1185 485 1298 capiat.
1321 1183 1324 1192 ’

373 1413 375 1420 ,
410 1325 618 1406 Caeterum
651 1321 720 1432 qui
744 1319 843 1402 mibi
875 1342 902 1400 a
932 1315 1141 1428 Clareffima
1166 1319 1261 1404 Vere
1284 1319 1340 1407 D.
1362 1345 1454 1412 vAN
1478 1322 1695 1412 ROYEN
1757 1321 1760 1326 ’

340 1465 385 1547 in
416 1461 589 1546 Hortum
634 1459 914 1544 Academicum
968 1457 1148 1542 benevole
1192 1455 1382 1568 canceffus
1421 1460 1509 1570 fuit
1555 1463 1704 1558 aditus.

343 1601 450 1712 (pre
500 1627 572 1710 que
619 1601 769 1684 debitas
796 1596 953 1710 publice
979 1596 1160 1708 persolve
1193 1597 1362 1707 grates)
1389 1601 1611 1709 plurimam
1640 1603 1699 1685 ad

343 1741 460 1846 hujus
482 1740 666 1852 Qpnscnli
687 1735 960 1851 perfhllionem
989 1737 1202 1820 contribuit
1226 1765 1243 1836 ,·
1288 1739 1506 1848 appartuntl
1521 1740 1690 1840 etenim,

344 1903 442 1987 quae
468 1881 752 1987 contingebat,
792 1874 988 1986 facultate
1017 1876 1317 1989 Observationes
1345 1902 1450 1963 meas
1488 1875 1693 1988 instituens

344 2018 489 2130 certius
524 2036 600 2129 per
639 2017 805 2124 Figuris
847 2015 1042 2124 illustrare
1064 2017 1180 2126 patui
1206 2043 1220 2098 :
1273 2015 1364 2100 Has
1394 2033 1527 2102 antem
1564 2043 1693 2102 amnes

345 2158 401 2241 nel
428 2157 571 2240 uiuum
608 2151 800 2266 expreffas
834 2151 903 2264 effe
929 2150 1159 2266 profitear,
1196 2157 1289 2238 dnm
1307 2175 1309 2181 ·
1329 2183 1377 2240 ne
1410 2155 1579 2244 minima
1607 2156 1693 2266 qui·

344 2297 430 2380 elem
468 2296 511 2379 in
554 2296 676 2408 'parte
721 2292 844 2376 ullam
880 2319 930 2376 ex
968 2285 1123 2380 alienis
1136 2279 1483 2389 Delineatienibus'
1518 2295 1696 2414 quaestui

345 2451 484 2544 apem,
530 2435 576 2518 il
607 2435 713 2544 quad
733 2436 828 2521 uere)
856 2430 1085 2518 indubium
1110 2431 1251 2544 fitrsan
1284 2457 1428 2522 uacare
1451 2430 1604 2550 peffent
1625 2434 1693 2536 ii,

342 2575 483 2683 quibus
519 2574 695 2682 egregiae
727 2571 984 2658 innotuerunt
1011 2559 1186 2680 Figurae
1208 2575 1235 2674 ,’
1270 2572 1441 2660 dubitet
1486 2571 1695 2682 lmdatrffl-

342 2739 402 2796 rna
436 2714 528 2796 Vtra
569 2713 615 2816 ;V
626 2711 997 2814 AILLANT‚
1033 2714 1145 2820 cnjm
1179 2728 1227 2795 nt
1253 2709 1303 2800 Β
1333 2711 1574 2798 celeberrimi
1604 2713 1695 2796 Veri

343 2852 537 2940 PONT
552 2849 805 2938 E'DERA
831 2852 1215 2963 perscrutationibus
1253 2854 1371 2959 bajus
1417 2849 1549 2963 Clnffls
1594 2851 1695 2936 Cbu·

341 2995 510 3077 tuberes
541 2994 765 3104 nituntur:
798 2993 940 3076 Verum
975 2993 1192 3102 quicunque
1226 3011 1339 3076 acuta
1376 2994 1434 3076 an'
1455 2989 1595 3100 effigies
1613 3018 1695 3078 cer·

344 3133 490 3248 nerrdas
513 3133 723 3242 praeditus
755 3125 805 3238 est
837 3131 941 3216 acula
971 3185 986 3236 ,
1032 3131 1329 3236 Utrammque·
1338 3130 1409 3240 sat
1439 3131 1514 3213 cite
1542 3129 1694 3242 perspi·

344 3269 419 3351 ciet
460 3268 710 3376 discrimem
749 3287 1032 3383 praeterquam
1069 3272 1205 3380 quid,
1245 3271 1282 3381 st
1321 3265 1444 3378 noller
1491 3270 1695 3354 ambarum

338 3404 547 3517 penicillus
605 3423 791 3489 naturam
843 3408 983 3504 babeat
1032 3407 1261 3516 magistram
1296 3471 1310 3513 ‚
1366 3410 1483 3516 hujus
1526 3410 1695 3494 imitatio

345 3565 430 3628 tum
466 3545 563 3646 bic,
598 3561 682 3626 tum
718 3543 802 3627 illic
842 3545 1023 3651 eluceat¹
1070 3550 1146 3630 imo
1189 3563 1297 3631 certa
1332 3550 1523 3654 quaedam
1559 3573 1698 3634 canue-

345 3684 497 3772 nientia
521 3684 573 3794 fit
591 3697 777 3796 operteat.

412 3821 531 3934 Quill
548 3823 719 3933 plura?
772 3807 983 3926 Benigne,
1028 3817 1329 3920 Exoptatiffimi
1359 3817 1591 3922 Ultores,
1630 3845 1693 3904 ac·

345 3962 500 4074 erpiatis
528 3947 666 4046 anima
685 3959 906 4063 specimen
936 3962 1004 4040 boc
1035 3955 1319 4056 Botanicum,
1354 3957 1458 4067 quad
1487 3960 1695 4043 amnicum

345 4103 597 4211 obseruantia
636 4099 748 4186 Velis
790 4097 1023 4206 submitto,
1077 4110 1206 4206 ntpatc
1244 4093 1504 4184 Academicus
1542 4100 1697 4208 quidem

347 4239 467 4348 Legis
493 4241 669 4349 gratia,
705 4238 865 4324 minime
894 4255 1024 4323 autem
1038 4329 1040 4336 ,
1053 4251 1293 4347 properante
1325 4236 1472 4322 calama
1503 4236 1571 4328 uel
1590 4233 1697 4352 besli-

1417 4397 1420 4402 ’
1645 4399 1703 4481 ab
