4802 6164
666 463 681 490 ⁸
700 529 756 659 ⁸4
811 521 906 634 na,
924 510 1239 609 sentiment
1264 505 1597 623 cenomania
1623 501 1985 612 nrrcnrmrnc.

700 743 807 826 tera,
837 739 946 823 quae·
967 713 1031 794 hic
1057 729 1140 789 non
1170 707 1419 806 memoravi,
1448 703 1551 786 ultro
1574 700 1661 787 satis
1689 705 1979 818 intelliguntur,
2007 733 2055 799 ut
2092 767 2095 776 Α

700 823 967 925 retentacula,
996 840 1095 923 quae
1128 839 1218 900 cum
1236 817 1365 901 lineari
1395 812 1537 896 semine
1564 817 1831 916 conveniunt:
1860 819 2050 923 thavata3

705 929 1110 1026 ovato-acuminatur
1147 923 1562 1024 verticulato-ovata‚
1592 945 1760 1028 quorum
1795 921 1937 1032 figuras
1966 953 2057 1014 cum

553 1051 555 1056 ’
701 1045 914 1141 rotundis,
943 1034 1128 1144 strictis,
1159 1033 1273 1143 plane
1300 1029 1528 1142 conmrcfflr,
1547 1029 1725 1138 scabris,
1756 1033 2053 1147 qradragonis,

702 1156 817 1240 alatis
853 1149 943 1232 lab.
982 1167 1018 1248 5·
1047 1147 1093 1234 &⁹
1129 1145 1168 1226 6.
1206 1144 1259 1224 ob
1296 1144 1435 1224 oculos
1469 1158 1636 1243 ponunt.
2120 1209 2122 1214 .

754 1261 821 1359 Ad
870 1253 1141 1362 perfectiorem
1191 1255 1319 1355 itaque
1359 1249 1546 1332 seminum
1583 1248 1909 1357 descriptionem,
1944 1253 2052 1340 unde

700 1373 851 1482 plenior
881 1387 1016 1447 eorum
1041 1362 1251 1466 explicetur
1285 1361 1455 1459 notitia,
1482 1353 1760 1462 processurus,
1788 1358 1965 1469 fingulari
1992 1388 2053 1446 m.

697 1484 779 1588 pite
808 1473 1038 1582 expediam,
1066 1468 1229 1550 modum
1248 1491 1328 1572 quo
1355 1465 1632 1572 pulcherrimae
1672 1491 1717 1548 ac
1750 1469 1943 1576 elegantes
1982 1496 2050 1554 cn·

702 1611 820 1672 conae
842 1641 856 1682 ,
893 1583 1044 1687 egregia
1079 1575 1167 1658 sane
1202 1581 1348 1660 ratione
1374 1573 1582 1659 seminibus
1609 1575 1651 1656 in
1679 1574 1754 1658 hac
1782 1573 1895 1660 claffe
1914 1573 2053 1664 adhae-

700 1717 851 1796 rentes,
878 1689 965 1772 sunt
994 1683 1217 1770 fabricatae.
1631 1707 1634 1712 ·
1729 1693 1732 1706 ’

778 1974 788 1992 ⁸
944 1988 947 1993 .
1017 1980 1042 1993 u.
1103 1978 1120 1993 u
1455 1963 1465 1982 v
1708 1963 1720 1984 q

704 1971 830 2064 aaa
1157 1961 2006 2065 mamnammacmmaa

649 2060 654 2070 ,
775 2044 789 2065 ο
815 2033 831 2064 b
860 2034 867 2049 '
1862 2033 1893 2060 ευ

839 2239 1915 2353 Tnnnnannnrnrnn

1092 2503 1723 2582 EXPLICATIO.'

702 2821 857 2922 riga.
947 2813 1001 2893 los
1030 2805 1294 2888 l-lrosernnr
1325 2815 1468 2905 1.Roy.
1494 2811 1599 2886 Prad.
1620 2831 1698 2910 pag.
1725 2827 1812 2907 422.
1846 2835 1912 2912 per
1936 2811 2057 2915 longi·

973 2913 1133 2990 tudinem
1149 2909 1289 3005 scissus,
1314 2909 1553 3010 pericarpium
1572 2907 1672 2986 suum
1689 2909 1851 2984 nondum
1875 2935 2058 2991 maturum

924 3037 964 3088 ro
993 3031 1114 3088 onena.

718 3187 722 3196 ,
842 3141 844 3146 ’
897 3039 921 3112 P
966 3039 1067 3207 pm)
1096 3105 1452 3208 Crustapericarpii.
1527 3111 1590 3202 (b)
1619 3109 1774 3184 Semina.
1842 3107 1905 3203 (c)
1933 3110 2061 3186 Sitlus.

998 3209 1092 3311 (ddd)
1110 3209 1204 3280 Tres
1218 3207 1396 3281 antherae.
1426 3203 1507 3300 (ree)
1535 3208 1685 3283 Lacinia
1702 3206 1802 3281 floris
1824 3205 1884 3282 vtl
1907 3211 2063 3286 corollae

1093 3303 1355 3404 monopctalae.

1000 3403 1063 3501 (f)
1093 3403 1243 3477 Insertio
1268 3401 1338 3474 stili
1363 3402 1400 3474 in
1425 3403 1641 3502 pericarpio.

1007 3505 1070 3600 (g)
1099 3500 1195 3576 Basrs
1212 3499 1311 3573 floris
1337 3499 1375 3574 &
1399 3501 1589 3600 pericarpii
1611 3500 1670 3575 ltu
1693 3499 1813 3598 calyx.
1915 3543 1920 3550 ·

717 3603 802 3702 Fig.
817 3623 851 3676 2.
905 3597 1078 3696 Ejusdem
1111 3595 1208 3672 floris
1239 3597 1509 3696 perimpium,
1541 3617 1680 3674 matura
1706 3597 1837 3673 semina
1854 3599 1958 3676 ,inter
1987 3597 2061 3676 snat

901 3695 1162 3772 membranulas
1189 3693 1407 3787 continens,
1439 3694 1483 3768 ab
1514 3718 1585 3771 una
1632 3715 1706 3770 arte
1727 3721 1747 3769 a
1769 3697 1972 3772 membrana
1995 3723 2061 3772 ex·

897 3797 1021 3870 teriori
1043 3793 1269 3893 separatum,
1302 3790 1368 3866 ubi
1391 3791 1563 3866 seminum
1596 3719 1629 3864 Χ

899 3891 963 3968 suo
992 3890 1124 3968 tebius.

999 3994 1068 4088 (a)
1094 3985 1400 4062 Loculamentum
1423 3985 1733 4064 membranaceum
1750 3986 1940 4089 pericarpii
1955 4014 2062 4091 oper·

1079 4085 1180 4166 ,culo
1198 4083 1348 4159 tectum.

998 4185 1063 4282 (b)
1097 4181 1209 4256 Aliud
1248 4180 1457 4280 oppofitum
1497 4181 1830 4272 loculamentuma
1860 4184 2066 4266 membrana

1098 4279 1318 4380 separatum,
1346 4277 1450 4353 fimnl
1472 4279 1602 4354 semina
1633 4304 1830 4379 exponent.

1003 4378 1064 4476 (c)
1099 4379 1136 4452 Ο
1166 4377 1328 4453 ercnlum
1351 4400 1569 4452 convexum.

963 4571 968 4580 ¹
1004 4478 1069 4573 (d)
1097 4403 1283 4549 Gfirbulus
1307 4476 1344 4547 in
1369 4474 1489 4586 medio
1512 4477 1688 4576 operculo
1711 4480 1890 4580 eminens,
1916 4483 1978 4585 qui
2002 4481 2064 4558 sti-

1097 4572 1173 4648 lum
1199 4593 1302 4650 antea
1326 4593 1478 4672 recepit.

1626 3813 1683 3866 tur
1711 3789 1857 3868 videtur
1887 3797 2063 3894 operculo

1933 4677 2014 4780 rig.
2029 4699 2062 4778 3.
