4794 6156
950 515 2058 642 onoocsonoom·g

703 807 792 872 mus
830 797 1053 877 normam,
1098 796 1223 858 mnne
1244 767 1503 882 saepifflmc,
1538 769 1577 880 st
1607 793 1683 854 uon
1703 770 1892 884 semper,
1936 776 2060 866 libem

705 917 964 1029 confitendam
994 916 1105 1014 erit,
1153 937 1321 1010 corum,
1349 937 1447 1020 quae
1471 909 1554 1016 jam
1582 909 1743 996 dudum
1769 909 1888 1022 fuere
1915 916 2054 1024 cognif

706 1081 772 1164 ta,
803 1085 892 1144 snm
912 1057 964 1140 iis
982 1113 995 1156 ,
1014 1075 1112 1163 quoe
1131 1067 1329 1136 uocantur
1347 1075 1482 1151 nova,
1518 1048 1669 1134 nullom
1700 1052 1793 1135 dari
1820 1053 2055 1160 discrimen:

711 1201 827 1286 Certe
855 1197 958 1306 quod
985 1191 1144 1292 tironi,
1190 1191 1260 1302 qui
1281 1191 1385 1274 artis
1419 1191 1623 1297 cujusdam
1653 1207 1727 1276 aut
1754 1194 1949 1279 doilriuae
1970 1191 2055 1304 sta·

702 1339 810 1422 dium
839 1331 889 1443 esi
914 1329 1128 1442 ingressas,
1163 1347 1327 1442 apparet
1354 1353 1541 1430 novum,
1569 1330 1660 1436 jam
1687 1351 1807 1416 vetus
1832 1329 1883 1440 cst
1901 1333 2052 1418 distan-

701 1477 758 1578 ti,
794 1475 883 1576 cui,
898 1491 976 1586 per
1005 1471 1159 1577 longam
1189 1491 1381 1553 annorum
1399 1468 1545 1578 scriem
1572 1457 1665 1552 aliis
1698 1471 1877 1557 docendis
1906 1473 2053 1557 exerci-

702 1629 822 1713 tato,
858 1609 1086 1720 discipliuae
1109 1605 1210 1714 suae
1231 1622 1416 1709 ¹rrrctam,
1461 1607 1531 1692 vel
1547 1607 1640 1718 stra·
1655 1610 1724 1692 vel
1754 1637 1885 1708 eorum
1912 1611 2055 1736 gratid

702 1751 870 1835 ulterius
899 1749 1103 1832 extendere
1125 1769 1201 1830 non
1227 1745 1383 1829 datur:
1426 1745 1508 1830 Imo
1527 1747 1604 1848 id,
1635 1750 1739 1856 qnod
1762 1750 1826 1833 hic
1851 1766 2050 1862 tantopere

703 1889 887 1999 versutus
921 1887 1157 2000 Praeceptor
1186 1883 1330 1996 fhrsau
1370 1900 1417 1967 ut
1444 1909 1470 1978 a
1495 1886 1541 1997 sc
1571 1911 1727 1972 recens·
1741 1889 1953 1998 absolutam
1983 1892 2051 1972 ad·

702 2029 920 2114 mirabitur
946 2027 1194 2136 indaginem,
1231 2026 1336 2110 nihil
1349 2025 1429 2110 erit
1454 2025 1555 2113 novi
1575 2029 1729 2112 ratione
1743 2031 1950 2116 --loctriuae
1960 2029 2050 2140 pri·

692 2170 886 2286 floram,
933 2167 1001 2276 qni
1010 2167 1100 2272 jam
1134 2164 1269 2248 multis
1291 2179 1384 2250 ante
1400 2189 1487 2248 eum
1506 2166 1700 2248 vixerunt
1708 2167 1864 2273 seculis.
1971 2147 1974 2154 ¹
2024 2283 2029 2288 Ι

773 2307 917 2390 Verum
946 2320 1077 2387 tamen
1116 2307 1203 2386 cnm
1231 2303 1279 2387 de
1307 2303 1520 2388 Doilorum
1549 2299 1766 2414 Republica
1796 2329 1914 2414 aeque
1932 2329 1980 2389 ac
2003 2310 2052 2390 dc

702 2439 894 2527 Humana
923 2443 1112 2526 Societatc
1139 2445 1233 2530 lene
1264 2441 1409 2526 mereri
1428 2443 1663 2553 cupiamus,
1699 2441 1745 2528 id
1764 2443 1808 2526 in
1817 2461 2051 2554 promoven-

703 2582 766 2665 dis
793 2583 960 2668 Artium
987 2600 1060 2668 ant
1094 2581 1360 2670 Scicntiarum
1391 2581 1572 2665 terminis
1603 2581 1703 2691 quid
1722 2577 1869 2693 profici
1900 2600 2016 2691 queat
2030 2646 2049 2686 ,,

703 2719 817 2806 anlld
834 2723 961 2830 magis
988 2723 1181 2807 laudabili
1207 2717 1372 2830 topper-c
1391 2717 1588 2830 poffumus
1608 2721 1713 2822 vid,
1745 2745 1862 2831 quam
1882 2747 1960 2832 qua
1980 2741 2051 2836 pc·

702 2861 888 2945 detentim
909 2859 1031 2946 altius
1054 2861 1327 2972 adscendentes
1349 2861 1406 2942 ad
1431 2859 1613 2942 ultimum
1633 2919 1647 2960 ‚
1670 2863 1907 2972 praesertim
1927 2863 1969 2946 in
1984 2889 2049 2962 eo,

703 3002 809 3108 quod
824 2997 1060 3113 profitemur
1069 2997 1268 3108 studium,
1290 3001 1576 3120 perveniamus
1595 2998 1770 3084 culmen:
1806 2997 1955 3108 Faustls
1975 3001 2050 3084 huc

702 3139 826 3224 delati
852 3139 1039 3252 auspiciis
1056 3137 1322 3252 amplrffimum
1354 3140 1548 3222 intremus
1578 3154 1790 3248 campum,
1833 3141 1903 3222 uli
1928 3142 2050 3224 uaria

699 3293 879 3362 veterum
900 3277 1244 3390 laudatcffimorum
1273 3279 1459 3364 Virorum
1490 3293 1738 3362 monumenta
1763 3281 1864 3365 hanc
1887 3279 2051 3367 illamve

698 3417 810 3502 rcolis
822 3421 1042 3528 praebeant
1070 3419 1294 3520 materiem,
1330 3443 1448 3526 quam
1472 3416 1608 3525 sedulo
1628 3418 1915 3526 inquiramus,
1947 3419 2049 3504 dilu-

699 3555 784 3638 cide
814 3557 1087 3667 replicemus,
1118 3555 1222 3664 juste
1250 3559 1529 3665 corrigamus,
1569 3554 1616 3642 ct
1644 3572 1722 3668 pro
1751 3557 1901 3666 ingenii
1928 3555 2049 3664 nostri

688 3689 885 3808 facultate
914 3693 1191 3808 amplificatam
1201 3693 1448 3808 posteritati,
1479 3695 1611 3780 cddem
1641 3696 1812 3780 methodo
1823 3700 2050 3812 petracloa·

694 3835 787 3918 dam
805 3837 1024 3944 tradamus.
1719 3939 1722 3946 ,

699 3964 702 3972 ’
762 3970 874 4056 Haec
883 3970 1096 4082 praefatus
1104 3967 1274 4080 prosello
1296 3995 1373 4054 non
1402 3991 1580 4072 ecoctam,
1608 3965 1738 4078 seda
1767 3971 1902 4054 multis
1929 3971 2046 4083 usquc

694 4108 812 4192 annis
841 4109 952 4191 haud
979 4133 1074 4192 raro
1111 4109 1317 4220 repetitam
1344 4107 1533 4220 praedico
1562 4107 1835 4218 seutentiam,
1861 4135 1972 4220 -quae
2001 4114 2044 4198 im

692 4243 811 4354 causa
837 4243 919 4352 cll,
949 4273 1022 4330 cur
1047 4247 1170 4349 Vni,
1200 4263 1288 4332 arte
1297 4249 1379 4358 stra
1396 4243 1746 4360 praeliantrffimi,
1793 4251 1932 4362 optime
1949 4270 2043 4363 pcr-

679 4383 913 4502 ptolemeo,
932 4387 1130 4496 ingenium
1158 4411 1235 4480 non
1244 4387 1315 4498 fat
1344 4387 1419 4473 cito
1441 4388 1577 4475 curtlia
1606 4405 1774 4504 capere,
1803 4415 1872 4514 acc
1898 4415 2036 4476 memo-

1935 4553 2043 4621 cram
