4794 6156
391 531 405 544 α
450 491 538 582 un
567 485 747 580 ransc.
778 483 877 580 cur
895 480 1053 578 trun.
1084 483 1195 578 rna
1221 481 1344 584 rua.
1372 484 1575 594 aaran,
1638 502 1701 620 ῃ.

341 683 552 790 desideret,
570 681 716 795 figurae
736 683 777 766 in
798 677 900 764 Tar.
911 675 1032 766 Ill&
1045 675 1117 762 IV.
1129 701 1220 762 cum
1238 677 1303 768 sua
1320 683 1577 786 explicatione
1589 685 1692 782 elsae

341 791 559 894 tlsfacient‚
587 790 809 902 praesertim
826 787 968 872 intuitu
990 785 1192 888 Hieracei‚
1221 787 1333 894 cujus
1362 787 1485 899 figura
1512 793 1584 908 (ο)
1610 821 1695 884 ma.-

342 904 414 1010 jori
451 903 597 987 ambitu
627 925 698 1008 per
738 921 876 980 omnes
905 915 1033 1000 partes
1065 897 1116 978 ibi
1146 899 1199 982 ob
1237 901 1373 982 oculos
1399 905 1569 1008 ponitur.
1624 907 1691 1002 Ad
1751 915 1755 924 '

343 1014 451 1097 aliam
478 1013 594 1120 igitur
618 1009 871 1096 flosculorum
896 1003 1066 1118 speciem
1092 1005 1403 1116 pertractandam
1431 1027 1603 1108 transeo..

388 1231 449 1312 (o)
473 1227 552 1300 ibid.

370 1473 1672 1624 mmmmmuuuuuuuu

439 1777 1602 1888 cnruruuouncrmum
1689 1750 1694 1758 ’

562 2047 628 2134 De
653 2047 841 2166 floscula,
862 2050 942 2164 ,cui
973 1977 1117 2134 limbus
1145 2049 1213 2135 vel
1241 2049 1359 2134 tulus
1389 2043 1488 2160 deest

458 2346 613 2430 uoniam
660 2367 767 2428 nunc
819 2341 915 2447 quid
960 2341 1008 2424 sn
1044 2343 1185 2426 limbus
1235 2345 1298 2426 vel
1343 2349 1464 2429 tubus
1502 2347 1701 2456 exposui,

481 2453 589 2538 facile
617 2477 671 2538 ex
699 2450 881 2558 opposito
911 2453 1164 2556 intelligetur,
1193 2453 1285 2557 quid
1304 2449 1350 2534 sn
1370 2451 1586 2561 llorculus,
1614 2459 1701 2543 lim³

479 2563 657 2648 vetrum
679 2565 903 2674 privatur,
941 2561 1008 2664 qui
1034 2562 1125 2642 hinc
1148 2559 1305 2668 proprii
1332 2558 1397 2645 sul
1426 2563 1578 2649 corolla
1601 2591 1701 2672 quo·
1727 2657 1734 2668 x

351 2701 428 2786 que
456 2691 598 2776 caret,
635 2671 730 2754 dum
768 2669 910 2752 limbus
948 2691 1080 2752 veram
1113 2667 1305 2780 ejusmodi
1342 2673 1530 2756 corollam
1558 2673 1700 2764 consti·

178 2877 182 2884 ,
352 2809 467 2871 tuens
492 2805 576 2864 non
605 2777 725 2864 adest.

356 2971 365 2990 ,
407 2896 510 2980 Cum
557 2909 690 2980 autem
736 2890 873 2972 talium
923 2884 1177 2992 flosculorum
1228 2841 1436 2974 Chamtler
1481 2861 1713 2976 Effentiarrs'
1789 2965 1794 2976 .

219 3035 222 3042 ¹
344 3008 390 3086 -in
429 2991 669 3110 genitalibus'
692 2996 781 3103 stt,
829 2998 1035 3101 flosculis,
1082 2995 1332 3107 campestrem.
1357 2998 1495 3084 florem
1535 3003 1708 3085 efficien·

351 3115 479 3210 tibus,
506 3109 827 3213 adnumerantur,
856 3109 896 3192 &
926 3100 992 3190 sua
1015 3107 1240 3210 producunt
1263 3111 1453 3218 germina,
1482 3131 1701 3218 quanquam

352 3221 436 3304 hac
462 3221 693 3322 plerumque
721 3217 927 3298 abortiaut.
1360 3310 1370 3326 κ
1499 3289 1501 3294 .
1562 3309 1564 3318 Ι
1660 3294 1662 3304 ,
1707 3313 1709 3320 Ι

410 3327 455 3408 ln
479 3326 564 3428 his,
592 3327 659 3429 qui
688 3325 796 3404 omni
823 3321 975 3426 prorsus
993 3325 1090 3404 tubo
1122 3320 1282 3427 carenr‚'
1307 3345 1353 3408 ut
1371 3330 1409 3412 in
1430 3323 1580 3437 Sylphio
1600 3325 1704 3440 (a),

352 3436 528 3542 germina
555 3431 596 3512 in
621 3429 728 3514 radio
758 3429 1032 3516 tantummodo
1070 3427 1198 3510 stilum
1237 3456 1327 3513 curn
1368 3435 1539 3542 stigmate
1570 3437 1705 3546 profe·

356 3565 468 3648 runt,
495 3563 611 3648 arque
638 3542 691 3621 ita
717 3539 800 3621 haec
828 3540 945 3618 ambo
975 3533 1162 3618 llosculos
1190 3557 1370 3643 tanquam
1399 3544 1620 3630 eliormant.
1662 3547 1665 3554 ‘

412 3655 523 3758 Alii,
559 3651 700 3756 quibus
739 3645 847 3728 stilus
888 3643 944 3727 est
983 3668 1074 3728 cum
1105 3647 1173 3726 vel
1200 3643 1278 3730 stne
1305 3649 1521 3754 Antheris,
1558 3654 1704 3736 habent

356 3767 497 3848 tubum
522 3766 716 3858 brevem,
754 3757 820 3860 qui
847 3775 971 3858 usque
1001 3752 1051 3834 ad
1089 3771 1268 3836 exortum
1306 3754 1594 3840 filamentorum
1623 3762 1707 3842 An·

357 3874 553 3955 theramm
581 3866 728 3974 surgit,
769 3865 810 3948 δι
844 3865 898 3944 ibi
929 3867 969 3944 in
1001 3864 1174 3966 quinque
1212 3864 1432 3946 denticulos
1472 3867 1708 3950 brevillimos

357 3979 526 4084 desinit,
563 4000 680 4083 quam
708 3977 761 4056 ob
789 3970 960 4056 caull'am
984 3971 1106 4052 tales'
1123 3965 1315 4068 flosculi,
1352 3997 1519 4077 quorum
1546 3975 1708 4059 laciniae

353 4091 393 4174 se
420 4113 503 4172 non
530 4090 572 4168 in
598 4084 754 4169 limbum
781 4079 1087 4190 catapanularum
1114 4079 1366 4188 extendunt,
1404 4080 1517 4166 limbo
1545 4081 1711 4194 desiituri
1756 4195 1759 4200 Ι
1900 4101 1901 4106 ‘

358 4199 552 4284 dicuntur.

1623 4299 1712 4388 Ho-

393 4526 467 4640 (ιι)
486 4481 582 4589 Tan.
604 4537 634 4605 4.
657 4518 710 4605 lig.
736 4535 786 4604 13,

1064 4593 1162 4710 Μ’
