4794 6156
587 549 684 636 DE
726 543 1060 638 COROLLA
1094 551 1483 652 COMPOSITA.
1637 563 1702 680 Ἦ

356 745 521 830 bricatos
550 742 704 836 invenir
734 738 888 832 Horum
915 739 1100 826 Laciniae
1128 749 1371 854 longitudine
1391 756 1581 862 inaequali
1609 755 1698 870 (l)

356 879 409 942 ex
431 854 570 936 tubulo
590 850 807 956 prodeunt,
836 845 904 930 sed
925 850 965 931 hi
997 847 1146 936 flosculi
1175 857 1321 942 Neurri
1333 922 1346 962 ,
1376 863 1542 951 Rodium
1562 867 1700 958 Corol-

356 965 416 1044 lae
452 958 689 1063 compositae
727 954 974 1064 formantes,
1012 965 1188 1066 quamvis
1225 967 1383 1054 laciniae
1420 975 1701 1082 longitudinem

356 1070 599 1176 inaequalem
627 1068 668 1150 in
697 1067 872 1172 quolibet
890 1065 1059 1154 habeant
1078 1071 1269 1178 flosculo,
1300 1093 1431 1162 nmen
1462 1107 1597 1170 omnes
1621 1091 1700 1170 una

259 1249 260 1254 a
356 1177 569 1280 eidemque
588 1173 715 1256 sormi
733 1176 942 1279 aequales,
964 1179 1111 1260 radium
1144 1181 1225 1290 (l)
1254 1185 1412 1269 corollae
1430 1191 1641 1300 compofirae
1660 1197 1701 1276 in

355 1285 528 1390 margine
553 1282 662 1390 Discr‘
679 1279 930 1364 construunt:
961 1283 1007 1365 ln
1026 1287 1142 1394 Disco
1166 1312 1295 1372 autem
1317 1293 1407 1376 sunt
1435 1297 1585 1380 flosculi
1615 1301 1702 1382 her·

355 1391 613 1501 maphroditi,
643 1393 765 1486 etiarn
784 1390 978 1494 tubulosr',
1007 1417 1174 1498 quorum
1203 1403 1312 1483 limbi
1340 1402 1392 1498 in,
1410 1406 1561 1490 lacinias
1590 1412 1703 1511 quin·

357 1527 435 1607 que
465 1498 550 1582 sere
578 1495 821 1595 uniformes,
863 1499 902 1580 id
932 1499 988 1582 cst
1018 1507 1305 1611 propemodum
1334 1516 1466 1614 equali
1494 1517 1702 1622 longitudi-

355 1635 406 1692 ne
438 1608 650 1708 desinunt,
681 1605 969 1702 &extrorsum
996 1633 1252 1702 recurvantur
1272 1645 1287 1696 r.
1331 1618 1472 1704 distam
1499 1647 1596 1731 ergo
1627 1621 1702 1716 dif-

350 1716 595 1800 formitatem
628 1715 676 1798 ad
704 1711 979 1822 figurationem
1009 1719 1261 1806 flosculorum
1291 1742 1516 1828 neutrorum
1548 1735 1587 1818 δι
1618 1732 1704 1819 her·

356 1824 689 1932 maphrnditotum
718 1825 912 1926 pertinere
939 1825 1074 1930 liquet.

369 2007 372 2012 ,
412 1933 562 2016 Corolln
595 1929 787 2039 compostae
812 1933 968 2015 radiata
998 1931 1105 2044 (m)
1132 1935 1189 2018 est
1222 1943 1335 2024 altera
1359 1942 1521 2046 species.
1587 1950 1703 2035 Haec

356 2041 563 2146 descriptio
600 2037 745 2145 spcilat
784 2039 900 2122 etiam
938 2041 987 2124 ad
1029 2047 1204 2150 ligulatos
1251 2049 1435 2134 flosculos
1472 2053 1600 2166 (a),
1636 2063 1704 2163 qui

355 2153 486 2260 plures
514 2151 608 2232 alios
629 2143 839 2248 ¹tubulosos
869 2144 967 2258 (a)
1005 2155 1176 2236 radiatim
1206 2159 1256 2237 in·
1278 2166 1449 2268 margine
1477 2165 1589 2273 Disci
1620 2171 1702 2250 cin·

357 2279 477 2369 gunt,
504 2276 550 2341 ut
576 2259 615 2339 in
636 2255 815 2340 omnibus
835 2257 1001 2344 radiarit
1019 2260 1253 2348 ROYEN
1270 2264 1302 2351 1.
1328 2269 1409 2352 vid.
1439 2271 1535 2382 Cap.
1557 2272 1704 2380 XXllI.

359 2373 405 2454 de
434 2370 565 2454 ordine
619 2377 657 2424 ¹⁰·
1118 2401 1122 2408 ·
1693 2417 1700 2440 ·

412 2475 459 2558 ln
491 2390 683 2582 Ecaiiope
714 2471 941 2584 descriptam
971 2475 1150 2562 corollam
1179 2482 1407 2591 campestrem
1437 2510 1518 2570 non
1543 2493 1700 2590 inveni,

355 2585 421 2670 sed
449 2581 755 2692 rrronopetalam,
772 2587 958 2686 quoniam
976 2607 1134 2690 germen
1153 2589 1193 2670 in
1215 2591 1404 2695 Calyculo
1421 2601 1581 2701 propn'o
1611 2596 1706 2708 (p)

357 2695 602 2792 continetur,
633 2692 672 2775 δι
700 2690 791 2772 hinc
820 2695 995 2795 calycem
1028 2719 1277 2780 communem
1306 2700 1433 2784 adesse
1464 2729 1545 2786 non
1586 2731 1703 2816 appa-

355 2822 438 2885 ret:
470 2823 592 2905 quum
619 2817 752 2880 tamen
779 2803 904 2902 quivis
937 2803 1132 2904 calyculus
1161 2809 1231 2886 uni
1259 2815 1510 2914 receptaculo
1538 2814 1703 2919 globoso

354 2910 411 2994 est
433 2910 622 3008 insertus,
652 2907 869 2991 &flosculi
898 2910 1071 2991 tubulofl
1101 2935 1238 2996 omnes
1269 2915 1485 3002 uniformes
1513 2925 1626 3026 suut,
1656 2947 1704 3008 ac

355 3019 513 3124 pulchre
552 3019 592 3099 in
620 3013 782 3125 liguram
813 3017 1006 3123 globosam
1035 3015 1473 3132 (q)s1mulflorent,
1512 3027 1709 3132 ejusmodi

356 3127 460 3208 floris
491 3127 633 3208 corolla
659 3124 856 3231 campestra
883 3125 1032 3230 globofir
1061 3132 1250 3216 nominari
1284 3139 1443 3238 poterit.

412 3236 503 3316 Sive
530 3252 661 3314 autem
689 3232 844 3314 flosculi
874 3231 947 3315 snat
969 3235 1154 3340 sigalati,
1192 3236 1274 3320 five
1304 3243 1484 3351 tudulnfi,
1512 3241 1594 3327 flve
1622 3245 1707 3330 lim·

356 3343 415 3426 ais
442 3337 633 3446 destituti,
661 3335 691 3415 fl
717 3338 791 3418 flos
819 3340 868 3419 ab
894 3365 972 3421 una
999 3362 1066 3424 aut
1095 3345 1210 3428 altera
1238 3345 1367 3452 specie
1390 3413 1404 3454 ,
1431 3355 1496 3434 uel
1525 3355 1574 3434 ab
1603 3377 1706 3440 utra-

358 3474 433 3554 que
460 3447 570 3556 srmul
597 3462 880 3546 componatur,
910 3449 959 3527 ab
990 3471 1127 3530 eorum
1155 3450 1349 3557 figuris&
1374 3459 1564 3563 posrtione
1587 3463 1711 3550 deno·

356 3558 613 3642 minationem
639 3549 797 3635 corollae
833 3553 1044 3660 compostae
1080 3559 1255 3657 pendere
1293 3563 1591 3672 demonstravi,
1625 3587 1709 3660 ma

357 3671 493 3774 gisque
523 3687 545 3746 e
576 3660 749 3768 sequenti
778 3659 1029 3746 flosculorum
1057 3662 1314 3772 descriptione
1334 3673 1493 3779 patebit.
1556 3679 1713 3788 Confer.

359 3777 458 3883 Cap.
494 3796 555 3852 11.

399 3988 463 4134 (i)
486 3986 582 4053 Tan·
606 4005 635 4071 3.
659 3987 714 4074 fig.
740 4007 790 4074 14.
813 4007 900 4056 cccc.
923 3988 985 4060 dte.

1096 3989 1113 4068 r
1186 3991 1262 4057 rua
1288 3991 1364 4059 tn.
1388 3995 1495 4084 spo.
1531 3975 1545 3990 '

402 4074 416 4152 (
447 4069 558 4147 >rara
1094 4077 1110 4232 p

1097 4243 1109 4314 t

1143 3991 1161 4153 ))
1180 4074 1256 4139 lbid.

1117 4161 1160 4238 p)
1185 4155 1281 4226 Tan.
1303 4177 1334 4239 4.
1357 4161 1411 4247 fig.
1432 4180 1484 4256 34,
1517 4197 1521 4204 ·

1120 4241 1161 4330 a)
1185 4236 1278 4306 Tar·
1303 4259 1337 4336 71
1354 4245 1409 4326 fia·
1434 4267 1466 4327 5.

1119 4015 1139 4054 n

400 4157 474 4238 (m)
499 4153 575 4304 {big
595 4153 650 4324 gg.
670 4170 719 4240 ¹3·
742 4151 885 4220 &Tam
907 4151 938 4220 8.
955 4154 1010 4240 fig.
1119 4097 1133 4134 ο

1057 4597 1409 4804 tr'·
