4794 6156
541 841 882 934 CAPUT
953 839 1478 936 TERTIUM.

660 1120 726 1203 ue
771 1087 956 1210 cA'L
993 1119 1087 1206 rc
1120 1119 1163 1204 u
1202 1115 1380 1229 fimpacr.

346 1413 552 1620 Caqycis
600 1414 808 1498 communis
840 1409 1039 1523 multifluas
1076 1409 1168 1495 Idea
1213 1413 1292 1519 jam
1331 1405 1571 1520 proposui,
1611 1427 1700 1498 trec

481 1522 679 1606 ecunditm
706 1521 822 1604 sttum
853 1519 1095 1626 squamarum
1131 1521 1346 1626 harumque
1380 1541 1586 1604 numerum
1622 1521 1695 1605 de-

344 1637 566 1716 terminatas
594 1628 741 1738 species
771 1655 965 1738 exponam
994 1691 1009 1736 ,
1047 1653 1192 1737 nempe
1219 1689 1234 1734 ,
1272 1630 1357 1736 quis
1382 1627 1430 1712 fit
1458 1627 1580 1737 Calyx
1597 1631 1694 1738 stmq

335 1741 462 1856 pler,
490 1743 748 1843 imbricatae,
777 1742 817 1825 δι
844 1742 988 1822 aurius.

400 1847 522 1957 Calyx
541 1847 697 1958 staplen
726 1871 749 1930 a
777 1846 928 1954 reliquis
953 1847 1219 1958 distinguitur,
1239 1845 1278 1954 fi
1292 1845 1418 1955 series
1435 1849 1550 1933 unica
1570 1847 1688 1960 squa-

342 1981 496 2040 marum
515 1959 634 2040 ambit
638 1955 830 2066 flosculos.
870 1956 963 2040 Lin.
998 1961 1092 2044 Gen.
1126 1956 1260 2040 Plant.
1277 1973 1371 2064 pag.
1401 1983 1494 2062 344.
1522 1955 1684 2041 idest:

345 2065 502 2172 quando
529 2064 705 2170 squamae
733 2061 827 2173 (a)
856 2067 1046 2173 Calpem,
1074 2089 1173 2172 quae
1201 2063 1387 2148 flosculos
1414 2085 1603 2173 tangunt,
1631 2071 1687 2150 ite

343 2179 385 2260 in
416 2175 579 2256 circuitu
608 2173 718 2282 Difci
744 2170 1068 2282 (b)dispos1tae
1098 2172 1222 2278 sunt,
1251 2191 1296 2256 ut
1323 2172 1502 2278 squamae
1529 2178 1687 2260 brevio·

344 2307 404 2367 res
433 2286 498 2364 vel
527 2284 719 2391 longiores
749 2284 979 2366 imbricatim
1008 2286 1299 2385 accinetae,
1327 2305 1402 2366 nec
1432 2302 1593 2367 exteme
1619 2285 1686 2368 ad·

343 2393 418 2474 smt
462 2393 638 2495 nullae,
685 2388 724 2472 id
769 2392 877 2496 quod
915 2411 1050 2474 contra
1084 2395 1126 2474 in
1164 2388 1377 2474 imbricatis
1419 2393 1685 2498 conspiciam:

342 2500 576 2607 Exemplum
615 2501 804 2581 habemus
841 2501 882 2581 in
919 2499 1192 2610 Tragopoqone.
1233 2521 1268 2582 1.
1300 2497 1399 2607 Ray.
1437 2500 1558 2585 Prod.
1587 2518 1684 2612 pag.

344 2633 388 2692 rr
395 2633 435 2711 9.
490 2607 602 2692 Haec
632 2611 806 2714 planta,
845 2613 1018 2714 quaein
1055 2607 1171 2714 Claffe
1203 2607 1396 2716 campestra
1425 2610 1552 2714 primo
1583 2609 1685 2693 ordi·

341 2720 382 2800 ni
408 2720 436 2800 i.
464 2745 495 2800 e.
523 2714 829 2799 semiflosculosrs
858 2719 1173 2820 adnumeratur,
1213 2719 1386 2821 calycem
1431 2741 1684 2800 communem

341 2825 552 2934 simplicem
587 2821 750 2930 squamis
777 2828 1003 2910 acuminatis
1030 2830 1192 2935 longis,
1230 2850 1280 2909 ex
1303 2825 1386 2934 ipso
1420 2829 1530 2910 caule
1563 2849 1685 2911 emer-

341 2939 553 3044 gentibus,
592 2932 635 3019 in
655 2959 734 3018 una
759 2933 856 3018 serie
885 2937 989 3019 arcte
1021 2936 1278 3041 compressis,
1306 2930 1495 3042 profert,
1542 2938 1686 3040 quaeli-

340 3049 409 3128 bet
441 3044 598 3149 squama
617 3039 683 3132 ¹est
713 3069 886 3130 concava
914 3049 957 3128 in
987 3049 1158 3150 apicem·
1175 3043 1350 3130 desmens
1378 3043 1468 3152 (c)
1489 3055 1507 3145 ,“
1539 3045 1588 3126 ad
1617 3047 1687 3126 ba·

341 3152 397 3234 sm
425 3178 522 3235 reto
555 3157 596 3234 in
625 3155 812 3236 corticem
842 3157 960 3238 caulis
988 3154 1084 3266 (d)
1114 3158 1182 3261 qui
1220 3173 1429 3237 excavatus
1457 3149 1548 3261 (a)
1589 3149 1682 3253 est,

342 3262 454 3364 abit,
494 3260 693 3364 paululum
720 3260 828 3344 suam
855 3262 1099 3347 latitudinem
1129 3265 1364 3362 demittens3
1403 3261 1493 3343 hinc
1522 3257 1684 3368 figuram

341 3372 560 3478 angulatum
579 3366 722 3452 format
739 3373 780 3450 in
809 3370 919 3452 dorso
948 3358 1019 3484 (s)
1041 3373 1108 3468 ,&
1137 3399 1228 3457 cum
1254 3372 1415 3455 caeteris
1439 3372 1528 3453 bazi
1548 3369 1684 3452 coalita

343 3475 437 3586 (g)
464 3475 654 3558 flosculos
692 3479 817 3582 tegit:
857 3479 975 3564 Tales
1005 3479 1185 3585 squamae
1215 3539 1229 3576 ,
1277 3479 1432 3584 quando
1463 3478 1606 3563 semina
1632 3475 1683 3560 ad

340 3587 599 3669 maturitatem
632 3605 929 3690 pervenerunt,
977 3588 1016 3668 se
1043 3592 1219 3691 aperiunt
1249 3591 1288 3674 δι
1315 3590 1355 3668 in
1383 3584 1542 3692 figuram
1574 3585 1687 3668 otio·

217 3752 222 3760 -
340 3692 511 3800 phyllam
537 3709 605 3774 aut
630 3691 901 3796 heraphyilam
928 3691 988 3804 (h
1060 3697 1362 3802 praeparent,
1391 3717 1506 3796 quare
1535 3696 1584 3774 ab
1612 3695 1687 3774 im-

222 3871 226 3878 .
340 3805 487 3888 bricato
530 3798 663 3910 Calyce
701 3799 894 3940 differunt.
1022 3807 1076 3888 td.
1114 3803 1205 3916 Cap.
1242 3799 1313 3887 VI.
1351 3798 1450 3906 confi
1487 3799 1583 3913 caps.
1609 3796 1690 3910 fig·

340 3909 656 4108 Tassailifabrica
680 4013 890 4130 perfectior
919 4019 962 4112 iu
987 4019 1123 4136 Tagctc
1149 4023 1272 4134 prim.
1311 4019 1433 4106 Pred.
1469 4017 1570 4128 Ray.
1587 4031 1694 4231 pqqg
