4802 6164
435 565 522 662 ue
548 558 861 658 samareus
885 561 1218 680 aonumoue
1244 565 1601 660 miseramur.
1665 575 1717 688 83
1818 611 1821 616 =

359 767 499 852 minori
525 759 671 874 figura,
698 759 788 844 huic
815 779 916 844 vero
934 762 1077 846 irenam
1096 759 1225 864 aliud,
1254 762 1401 846 nuliam
1417 764 1566 854 habens
1587 771 1711 875 aiem,

247 919 251 926 ·
362 873 548 960 insertum
585 873 730 976 recipis
798 866 860 953 Sic
897 895 1018 978 porro
1044 867 1218 974 cujusvis
1244 873 1390 953 cavitas
1419 875 1569 962 alterius
1606 902 1716 966 com·

363 983 542 1094 pieititur
573 980 728 1064 dorsum
740 1040 755 1082 ,
783 977 911 1062 donec
940 983 980 1062 iu
1012 997 1148 1063 centro
1177 978 1289 1088 Difci
1315 979 1503 1066 diminuta
1529 985 1635 1070 suam
1661 986 1716 1072 sc⁴

364 1095 591 1178 milunarem
620 1088 782 1198 figuram
813 1091 1024 1171 amittentia
1050 1091 1090 1170 in
1107 1091 1229 1170 lineae
1259 1087 1349 1200 (a)
1378 1090 1541 1174 modum
1560 1093 1615 1176 ibi
1630 1093 1718 1180 sunt

366 1198 559 1307 disposita.
614 1199 728 1281 Haec
753 1195 899 1280 semina
926 1221 977 1282 ex
995 1198 1313 1307 hermaphroditis
1339 1197 1510 1282 flosculis
1527 1219 1610 1284 orta
1626 1227 1718 1314 gau·

366 1313 459 1396 dent
488 1309 695 1393 corniculis
716 1365 731 1406 ‚
755 1309 810 1399 in
840 1327 968 1410 eoque
997 1310 1144 1406 latere,
1183 1305 1289 1410 quod
1320 1306 1476 1388 dorsum
1511 1309 1716 1420 efformat,

365 1420 535 1503 breviter
569 1415 835 1515 denticulata,
872 1415 979 1501 unde
1008 1415 1136 1517 haec,
1172 1437 1273 1519 quae
1314 1416 1355 1496 in
1385 1413 1501 1526 Disco
1533 1416 1657 1526 sunt,
1694 1445 1717 1504 a

365 1523 611 1613 ROYENO
640 1542 833 1608 vocantur
863 1525 1076 1608 bicornata.

428 1635 522 1718 Hoc
565 1633 682 1740 padio
737 1631 965 1718 Calendnlae
998 1632 1141 1718 semina
1182 1657 1366 1717 coronam
1399 1633 1506 1718 suam
1543 1637 1716 1723 efficiunt

366 1742 648 1847 universalem,
679 1743 773 1826 dum
804 1741 989 1826 dimidiati
1017 1744 1149 1826 annuli
1176 1745 1274 1826 aiter
1299 1746 1463 1826 alterum
1484 1747 1716 1854 includunt,-

353 1853 444 1938 'sese
478 1853 589 1937 vaide
629 1855 938 1960 comprimentes.
1019 1851 1207 1957 Denique
1248 1847 1498 1936 conferantur
1536 1854 1716 1964 figurae,

367 1987 461 2072 quas
496 1961 544 2048 de
578 1962 637 2046 his
676 1959 883 2044 seminibus
919 1959 1122 2062 exhibeo,
1157 1983 1251 2046 curn
1285 1959 1543 2070 descriptione
1574 1961 1718 2048 LIN-

338 2069 534 2156 ΙΝΑΕΙ
573 2072 613 2151 in
651 2069 746 2155 Gen.
784 2067 915 2152 Plana.
971 2093 1071 2175 quae
1102 2067 1154 2152 fic
1186 2067 1405 2153 sehabet:
1441 2069 1593 2176 senona
1631 2071 1718 2155 her·

260 2271 265 2282 ,
362 2179 597 2372 maphroditi
637 2179 822 2371 aentsralia
838 2176 1101 2374 {discitewtlaia
1116 2178 1165 2398 )(
1181 2175 1311 2369 disco}
1346 2197 1477 2372 taeen
1509 2163 1714 2307 incentto

381 2313 443 2374 em
472 2312 515 2370 er
580 2311 677 2372 arus
731 2312 848 2372 emam
877 2312 923 2370 us
1079 2312 1097 2368 r
1168 2311 1248 2380 ¹er
1311 2310 1368 2371 am
1484 2311 1507 2370 r
1588 2312 1718 2375 ara·

362 2313 680 2506 riaspfhlitlaria,
719 2307 1048 2499 membranaceagl,
1085 2303 1427 2508 coragrowmnpre
1453 2302 1718 2510 afpssabstm·

361 2509 446 2607 aia,
475 2507 628 2608 cinda,
660 2507 816 2612 oblonga
837 2566 851 2607 ,
869 2507 1036 2614 strperne
1064 2504 1212 2590 latiora
1222 2533 1238 2592 ·.·
1262 2531 1318 2592 aa
1328 2508 1627 2612 subventaneas
1654 2506 1717 2590 U·

360 2637 467 2700 trum
492 2614 570 2721 jam
601 2615 639 2696 in
668 2613 988 2720 hermaphroditis
1005 2615 1079 2698 smt
1106 2614 1394 2722 subventanea,
1421 2617 1462 2698 in
1488 2615 1610 2700 dubio
1635 2613 1713 2698 cst:

359 2727 535 2810 Feminae.
559 2745 654 2806 vero
673 2726 824 2835 semina
852 2748 935 2809 non
971 2745 1126 2808 tantum
1162 2727 1287 2808 multo
1320 2723 1409 2809 sunt
1439 2723 1584 2832 majora
1607 2785 1621 2826 ,
1648 2723 1714 2808 sed

360 2832 935 3026 etiamfaproducturtplantas,
974 2835 1016 2918 id
1047 2833 1155 2940 quod
1185 2835 1353 2942 alioquin
1373 2828 1543 2940 feminae
1559 2831 1718 2943 'floscoli

359 2971 442 3030 raro
514 2947 633 3031 ciunt.
874 2967 882 2978 ’
1194 2949 1195 2956 ‘

288 3155 291 3162 ³
414 3055 567 3136 Semina
582 3050 786 3159 minima,
814 3079 914 3160 quae
940 3057 1045 3162 prius
1066 3049 1352 3158 descripsimus,
1381 3055 1433 3133 ita
1451 3068 1711 3135 annotanturr

350 3161 567 3272 solitaria,
604 3171 754 3270 majora
782 3163 958 3274 (intuitu
992 3185 1136 3272 nempe
1165 3155 1619 3265 hermaphroditorum)
1648 3163 1708 3241 ab·

358 3269 507 3376 longa,
535 3271 701 3354 incurva
720 3334 734 3373 ‚
753 3272 1059 3376 triangulatio,
1088 3269 1239 3372 angulis
1266 3267 1561 3352 membranaceis
1588 3282 1712 3349 exter·

260 3455 264 3462 .
359 3405 405 3471 ne
442 3375 770 3477 longitudinaliter
798 3377 945 3484 Fig'ara
971 3375 1172 3483 vegetabili
1192 3374 1392 3564 ἐηβεαίζῑα.
1624 3445 1625 3448 a

416 3485 481 3571 Ex
507 3485 567 3566 his
595 3487 748 3592 aliisque
775 3481 948 3590 superius
974 3483 1156 3588 expositis
1179 3483 1312 3566 semini
1340 3507 1385 3566 us
1417 3502 1562 3592 patet,
1591 3508 1710 3592 quan.

362 3596 566 3708 toperein
603 3594 676 3680 hac
712 3589 870 3698 classe,
908 3617 977 3701 per
1005 3590 1168 3676 diversas
1195 3594 1294 3674 inter
1319 3590 1357 3677 se
1395 3594 1571 3676 differant
1606 3593 1710 3786 ᾖξα-

357 3734 443 3811 aas,
471 3702 574 3790 adeo
599 3724 644 3790 ut
672 3701 873 3790 tuuversaii
901 3701 1153 3802 definitioni,
1192 3699 1239 3784 ad
1268 3695 1439 3782 frontem
1467 3701 1582 3805 hujus
1611 3729 1705 3784 cas-

358 3817 410 3901 srs
436 3812 669 3922 apponere,
704 3837 787 3896 non
817 3812 956 3897 cuneta
983 3808 1272 3920 respondeant3
1311 3806 1449 3892 adsunt
1488 3812 1624 3913 enim,
1664 3829 1710 3894 ut
1778 3897 1787 3920 ,
1907 3903 1912 3912 ,

291 3991 293 3996 ,
361 3926 529 4032 explicui
540 3925 563 4027 ,Ι
572 3925 763 4027 nouanda,
773 3920 923 4032 plana,
944 3918 1220 4026 triangularia,
1239 3922 1431 4018 incarner
1451 3919 1556 4032 imo,
1576 3917 1605 3999 s1
1623 3921 1711 4028 piu·

360 4061 402 4118 ra
432 4030 585 4135 insuper
616 4031 810 4118 recensere
840 4035 879 4117 δι
910 4031 1119 4116 describere
1145 4031 1327 4131 veliem,
1355 4026 1470 4131 hujus
1503 4028 1648 4132 Capitis
1665 4031 1708 4112 in

354 4147 430 4228 hac
457 4136 734 4231 Dissertationc
764 4143 898 4224 limites
926 4145 1042 4254 longe
1062 4139 1347 4246 transgrederer.
1406 4139 1608 4223 Generaiia
1626 4159 1710 4220 tan-
1875 4217 1880 4226 ,

358 4274 470 4358 tum,
497 4249 685 4337 Benevola
713 4245 875 4358 Lasion,
902 4275 966 4342 me
999 4246 1103 4358 quast
1130 4248 1250 4390 digitis
1277 4241 1413 4329 libasse
1444 4267 1572 4351 putes.
1608 4246 1708 4439 Catg

401 4583 462 4678 (c)
485 4581 582 4650 ras.
606 4595 638 4662 r·
659 4579 715 4667 fle·
737 4595 791 4666 aa·
1100 4693 1140 4786 L

1169 4720 1193 4782 2
