<?xml version="1.0" encoding="UTF-8"?>
<!DOCTYPE html PUBLIC "-//W3C//DTD XHTML 1.0 Transitional//EN"
    "http://www.w3.org/TR/xhtml1/DTD/xhtml1-transitional.dtd">
<html xmlns="http://www.w3.org/1999/xhtml" xml:lang="en" lang="en">
 <head>
  <title>
</title>
<meta http-equiv="Content-Type" content="text/html;charset=utf-8" />
  <meta name='ocr-system' content='tesseract 3.04.00' />
  <meta name='ocr-capabilities' content='ocr_page ocr_carea ocr_par ocr_line ocrx_word'/>
</head>
<body>
  <div class='ocr_page' id='page_1' title='image "./expositiocharac00berkgoog_0158.png"; bbox 0 0 4802 6164; ppageno 0'>
   <div class='ocr_carea' id='block_1_1' title="bbox 608 447 1751 636">
    <p class='ocr_par' dir='ltr' id='par_1_1' title="bbox 608 447 1751 636">
     <span class='ocr_line' id='line_1_1' title="bbox 608 447 1751 636; baseline 0.003 -38"><span class='ocrx_word' id='word_1_1' title='bbox 608 507 698 598; x_wconf 80' lang='lat' dir='ltr'><strong>ut</strong></span> <span class='ocrx_word' id='word_1_2' title='bbox 711 543 714 551; x_wconf 56' lang='lat'>&lt;</span> <span class='ocrx_word' id='word_1_3' title='bbox 728 459 1136 636; x_wconf 74' lang='lat' dir='ltr'><strong>rracnamcuto</strong></span> <span class='ocrx_word' id='word_1_4' title='bbox 1165 447 1447 602; x_wconf 60' lang='lat' dir='ltr'><strong>culturom.</strong></span> <span class='ocrx_word' id='word_1_5' title='bbox 1626 543 1703 626; x_wconf 63' lang='lat' dir='ltr'><strong>ny</strong></span> <span class='ocrx_word' id='word_1_6' title='bbox 1748 537 1751 543; x_wconf 93' lang='lat'>·</span> 
     </span>
    </p>
   </div>
   <div class='ocr_carea' id='block_1_2' title="bbox 270 690 1824 910">
    <p class='ocr_par' dir='ltr' id='par_1_2' title="bbox 270 690 1824 910">
     <span class='ocr_line' id='line_1_2' title="bbox 364 690 1824 818; baseline -0.002 -23"><span class='ocrx_word' id='word_1_7' title='bbox 364 731 446 796; x_wconf 84' lang='lat' dir='ltr'><strong>mas</strong></span> <span class='ocrx_word' id='word_1_8' title='bbox 479 699 571 818; x_wconf 85' lang='lat' dir='ltr'><strong>(p)</strong></span> <span class='ocrx_word' id='word_1_9' title='bbox 607 697 860 809; x_wconf 84' lang='lat' dir='ltr'><strong>longitudine</strong></span> <span class='ocrx_word' id='word_1_10' title='bbox 886 694 1052 780; x_wconf 81' lang='lat' dir='ltr'><strong>multltm</strong></span> <span class='ocrx_word' id='word_1_11' title='bbox 1089 690 1243 800; x_wconf 88' lang='lat' dir='ltr'><strong>superet</strong></span> <span class='ocrx_word' id='word_1_12' title='bbox 1270 760 1285 802; x_wconf 86' lang='lat'>,</span> <span class='ocrx_word' id='word_1_13' title='bbox 1324 721 1441 806; x_wconf 86' lang='lat' dir='ltr'><strong>atque</strong></span> <span class='ocrx_word' id='word_1_14' title='bbox 1469 705 1584 790; x_wconf 89' lang='lat' dir='ltr'><strong>etiam</strong></span> <span class='ocrx_word' id='word_1_15' title='bbox 1615 704 1705 792; x_wconf 84' lang='lat' dir='ltr'><strong>suos</strong></span> <span class='ocrx_word' id='word_1_16' title='bbox 1822 703 1824 708; x_wconf 82' lang='grc'><strong>’</strong></span> 
     </span>
     <span class='ocr_line' id='line_1_3' title="bbox 270 804 1706 910; baseline -0.001 -8"><span class='ocrx_word' id='word_1_17' title='bbox 270 838 273 848; x_wconf 89' lang='grc'><strong>’</strong></span> <span class='ocrx_word' id='word_1_18' title='bbox 365 815 555 902; x_wconf 72' lang='lat' dir='ltr'><strong>tutulatos</strong></span> <span class='ocrx_word' id='word_1_19' title='bbox 588 815 630 894; x_wconf 90' lang='lat' dir='ltr'><strong>in</strong></span> <span class='ocrx_word' id='word_1_20' title='bbox 663 809 799 894; x_wconf 85' lang='lat' dir='ltr'><strong>eadem</strong></span> <span class='ocrx_word' id='word_1_21' title='bbox 831 805 923 890; x_wconf 86' lang='lat' dir='ltr'><strong>serie</strong></span> <span class='ocrx_word' id='word_1_22' title='bbox 952 804 1173 908; x_wconf 87' lang='lat' dir='ltr'><strong>flosculos,</strong></span> <span class='ocrx_word' id='word_1_23' title='bbox 1215 806 1363 910; x_wconf 84' lang='lat' dir='ltr'><strong>medios</strong></span> <span class='ocrx_word' id='word_1_24' title='bbox 1391 812 1488 894; x_wconf 87' lang='lat' dir='ltr'><strong>inter</strong></span> <span class='ocrx_word' id='word_1_25' title='bbox 1517 816 1706 900; x_wconf 81' lang='lat' dir='ltr'><strong>flosculos</strong></span> 
     </span>
    </p>
   </div>
   <div class='ocr_carea' id='block_1_3' title="bbox 273 910 1799 4076">
    <p class='ocr_par' dir='ltr' id='par_1_3' title="bbox 365 910 1708 1032">
     <span class='ocr_line' id='line_1_4' title="bbox 365 910 1708 1032; baseline 0.003 -26"><span class='ocrx_word' id='word_1_26' title='bbox 365 925 459 1008; x_wconf 89' lang='lat' dir='ltr'><strong>radii</strong></span> <span class='ocrx_word' id='word_1_27' title='bbox 493 919 669 1026; x_wconf 76' lang='lat' dir='ltr'><strong>ligulalot</strong></span> <span class='ocrx_word' id='word_1_28' title='bbox 710 914 890 1000; x_wconf 88' lang='lat' dir='ltr'><strong>ostentet.</strong></span> <span class='ocrx_word' id='word_1_29' title='bbox 953 912 1070 996; x_wconf 89' lang='lat' dir='ltr'><strong>Hanc</strong></span> <span class='ocrx_word' id='word_1_30' title='bbox 1098 916 1151 996; x_wconf 93' lang='lat' dir='ltr'><strong>ob</strong></span> <span class='ocrx_word' id='word_1_31' title='bbox 1180 910 1350 996; x_wconf 83' lang='lat' dir='ltr'><strong>caussam</strong></span> <span class='ocrx_word' id='word_1_32' title='bbox 1380 913 1456 1000; x_wconf 89' lang='lat' dir='ltr'><strong>hoc</strong></span> <span class='ocrx_word' id='word_1_33' title='bbox 1486 946 1708 1032; x_wconf 89' lang='lat' dir='ltr'><strong>receptacu-</strong></span> 
     </span>
    </p>

    <p class='ocr_par' dir='ltr' id='par_1_4' title="bbox 273 1022 1708 1248">
     <span class='ocr_line' id='line_1_5' title="bbox 273 1022 1707 1136; baseline 0.001 -20"><span class='ocrx_word' id='word_1_34' title='bbox 273 1043 275 1046; x_wconf 83' lang='grc'><strong>’</strong></span> <span class='ocrx_word' id='word_1_35' title='bbox 365 1036 451 1116; x_wconf 90' lang='lat' dir='ltr'><strong>lum</strong></span> <span class='ocrx_word' id='word_1_36' title='bbox 477 1053 637 1136; x_wconf 89' lang='lat' dir='ltr'><strong>quoque</strong></span> <span class='ocrx_word' id='word_1_37' title='bbox 663 1043 912 1130; x_wconf 83' lang='lat' dir='ltr'><strong>nuncupatur</strong></span> <span class='ocrx_word' id='word_1_38' title='bbox 939 1025 1145 1125; x_wconf 82' lang='lat' dir='ltr'><strong>conicum,</strong></span> <span class='ocrx_word' id='word_1_39' title='bbox 1186 1022 1308 1130; x_wconf 71' lang='lat' dir='ltr'><strong>calyce</strong></span> <span class='ocrx_word' id='word_1_40' title='bbox 1335 1025 1521 1112; x_wconf 82' lang='lat' dir='ltr'><strong>communi</strong></span> <span class='ocrx_word' id='word_1_41' title='bbox 1549 1032 1707 1136; x_wconf 80' lang='lat' dir='ltr'><strong>longius.</strong></span> 
     </span>
     <span class='ocr_line' id='line_1_6' title="bbox 366 1131 1708 1248; baseline -0.002 -24"><span class='ocrx_word' id='word_1_42' title='bbox 366 1139 486 1225; x_wconf 84' lang='lat' dir='ltr'><strong>Linn.</strong></span> <span class='ocrx_word' id='word_1_43' title='bbox 517 1139 612 1222; x_wconf 82' lang='lat' dir='ltr'><strong>Gen.</strong></span> <span class='ocrx_word' id='word_1_44' title='bbox 642 1135 773 1224; x_wconf 67' lang='lat' dir='ltr'><strong>Plane.</strong></span> <span class='ocrx_word' id='word_1_45' title='bbox 790 1152 884 1244; x_wconf 80' lang='lat' dir='ltr'><strong>pag.</strong></span> <span class='ocrx_word' id='word_1_46' title='bbox 914 1133 1006 1235; x_wconf 83' lang='lat'><strong>387.</strong></span> <span class='ocrx_word' id='word_1_47' title='bbox 1063 1131 1197 1214; x_wconf 89' lang='lat' dir='ltr'><strong>Potius</strong></span> <span class='ocrx_word' id='word_1_48' title='bbox 1224 1155 1323 1215; x_wconf 89' lang='lat' dir='ltr'><strong>vero</strong></span> <span class='ocrx_word' id='word_1_49' title='bbox 1353 1137 1521 1228; x_wconf 83' lang='lat' dir='ltr'><strong>conicum</strong></span> <span class='ocrx_word' id='word_1_50' title='bbox 1544 1139 1708 1248; x_wconf 78' lang='lat' dir='ltr'><strong>dicitur,</strong></span> 
     </span>
    </p>

    <p class='ocr_par' dir='ltr' id='par_1_5' title="bbox 357 1242 1712 1463">
     <span class='ocr_line' id='line_1_7' title="bbox 357 1242 1712 1347; baseline -0.002 -14"><span class='ocrx_word' id='word_1_51' title='bbox 357 1247 397 1334; x_wconf 80' lang='lat' dir='ltr'><strong>st</strong></span> <span class='ocrx_word' id='word_1_52' title='bbox 424 1268 507 1330; x_wconf 91' lang='lat' dir='ltr'><strong>tam</strong></span> <span class='ocrx_word' id='word_1_53' title='bbox 533 1249 655 1328; x_wconf 87' lang='lat' dir='ltr'><strong>altum</strong></span> <span class='ocrx_word' id='word_1_54' title='bbox 684 1265 767 1325; x_wconf 91' lang='lat' dir='ltr'><strong>non</strong></span> <span class='ocrx_word' id='word_1_55' title='bbox 792 1245 992 1347; x_wconf 84' lang='lat' dir='ltr'>acquirens</span> <span class='ocrx_word' id='word_1_56' title='bbox 1021 1243 1180 1322; x_wconf 86' lang='lat' dir='ltr'><strong>culmen</strong></span> <span class='ocrx_word' id='word_1_57' title='bbox 1209 1242 1250 1322; x_wconf 90' lang='lat' dir='ltr'><strong>in</strong></span> <span class='ocrx_word' id='word_1_58' title='bbox 1280 1263 1458 1327; x_wconf 87' lang='lat' dir='ltr'><strong>centrum</strong></span> <span class='ocrx_word' id='word_1_59' title='bbox 1517 1246 1712 1330; x_wconf 81' lang='lat' dir='ltr'><strong>lano-ele-</strong></span> 
     </span>
     <span class='ocr_line' id='line_1_8' title="bbox 368 1261 1712 1463; baseline -0.004 -19"><span class='ocrx_word' id='word_1_60' title='bbox 368 1372 504 1444; x_wconf 82' lang='lat' dir='ltr'><strong>vatum</strong></span> <span class='ocrx_word' id='word_1_61' title='bbox 531 1349 740 1453; x_wconf 85' lang='lat' dir='ltr'><strong>excrescit,</strong></span> <span class='ocrx_word' id='word_1_62' title='bbox 769 1369 815 1434; x_wconf 92' lang='lat' dir='ltr'><strong>ut</strong></span> <span class='ocrx_word' id='word_1_63' title='bbox 839 1353 880 1432; x_wconf 92' lang='lat' dir='ltr'><strong>in</strong></span> <span class='ocrx_word' id='word_1_64' title='bbox 906 1348 1137 1432; x_wconf 78' lang='lat' dir='ltr'><strong>Anthemide</strong></span> <span class='ocrx_word' id='word_1_65' title='bbox 1163 1346 1256 1458; x_wconf 83' lang='lat' dir='ltr'><strong>(q)</strong></span> <span class='ocrx_word' id='word_1_66' title='bbox 1284 1377 1324 1455; x_wconf 88' lang='lat'><strong>4.</strong></span> <span class='ocrx_word' id='word_1_67' title='bbox 1353 1353 1449 1458; x_wconf 76' lang='lat' dir='ltr'><strong>Ray.</strong></span> <span class='ocrx_word' id='word_1_68' title='bbox 1477 1261 1603 1438; x_wconf 57' lang='lat' dir='ltr'><strong>ssrodss</strong></span> <span class='ocrx_word' id='word_1_69' title='bbox 1622 1369 1712 1463; x_wconf 78' lang='lat' dir='ltr'><strong>pag.</strong></span> 
     </span>
    </p>

    <p class='ocr_par' dir='ltr' id='par_1_6' title="bbox 373 1451 1710 1572">
     <span class='ocr_line' id='line_1_9' title="bbox 373 1451 1710 1572; baseline -0.012 -18"><span class='ocrx_word' id='word_1_70' title='bbox 373 1491 465 1572; x_wconf 75' lang='lat'><strong>172.</strong></span> <span class='ocrx_word' id='word_1_71' title='bbox 491 1462 602 1570; x_wconf 88' lang='lat' dir='ltr'><strong>cujus</strong></span> <span class='ocrx_word' id='word_1_72' title='bbox 628 1479 802 1550; x_wconf 89' lang='lat' dir='ltr'>centrum</span> <span class='ocrx_word' id='word_1_73' title='bbox 830 1453 923 1566; x_wconf 84' lang='lat' dir='ltr'><strong>(r)</strong></span> <span class='ocrx_word' id='word_1_74' title='bbox 943 1451 1124 1564; x_wconf 76' lang='lat' dir='ltr'><strong>perfecte</strong></span> <span class='ocrx_word' id='word_1_75' title='bbox 1155 1462 1334 1542; x_wconf 90' lang='lat' dir='ltr'><strong>conicam</strong></span> <span class='ocrx_word' id='word_1_76' title='bbox 1364 1461 1484 1546; x_wconf 90' lang='lat' dir='ltr'><strong>habet</strong></span> <span class='ocrx_word' id='word_1_77' title='bbox 1513 1461 1710 1570; x_wconf 73' lang='lat' dir='ltr'><strong>liguramt</strong></span> 
     </span>
    </p>

    <p class='ocr_par' dir='ltr' id='par_1_7' title="bbox 360 1561 1714 1689">
     <span class='ocr_line' id='line_1_10' title="bbox 360 1561 1714 1689; baseline 0.001 -32"><span class='ocrx_word' id='word_1_78' title='bbox 360 1574 630 1689; x_wconf 78' lang='lat' dir='ltr'><strong>pyramidatus</strong></span> <span class='ocrx_word' id='word_1_79' title='bbox 657 1571 790 1673; x_wconf 88' lang='lat' dir='ltr'><strong>itaque</strong></span> <span class='ocrx_word' id='word_1_80' title='bbox 820 1569 890 1648; x_wconf 89' lang='lat' dir='ltr'><strong>etit</strong></span> <span class='ocrx_word' id='word_1_81' title='bbox 917 1561 1058 1670; x_wconf 83' lang='lat' dir='ltr'><strong>Discus</strong></span> <span class='ocrx_word' id='word_1_82' title='bbox 1086 1563 1166 1648; x_wconf 89' lang='lat' dir='ltr'><strong>srve</strong></span> <span class='ocrx_word' id='word_1_83' title='bbox 1197 1575 1521 1674; x_wconf 84' lang='lat' dir='ltr'><strong>receptaculum,</strong></span> <span class='ocrx_word' id='word_1_84' title='bbox 1550 1570 1579 1653; x_wconf 86' lang='lat' dir='ltr'><strong>st</strong></span> <span class='ocrx_word' id='word_1_85' title='bbox 1610 1567 1714 1658; x_wconf 86' lang='lat' dir='ltr'><strong>fasti.-</strong></span> 
     </span>
    </p>

    <p class='ocr_par' dir='ltr' id='par_1_8' title="bbox 284 1672 1714 1874">
     <span class='ocr_line' id='line_1_11' title="bbox 284 1672 1714 1874; baseline -0.001 -109"><span class='ocrx_word' id='word_1_86' title='bbox 284 1791 287 1796; x_wconf 10' lang='grc' dir='ltr'><strong>Δ</strong></span> <span class='ocrx_word' id='word_1_87' title='bbox 369 1688 420 1794; x_wconf 84' lang='lat' dir='ltr'><strong>gii</strong></span> <span class='ocrx_word' id='word_1_88' title='bbox 445 1679 541 1874; x_wconf 50' lang='lat' dir='ltr'><strong>egula</strong></span> <span class='ocrx_word' id='word_1_89' title='bbox 571 1703 766 1778; x_wconf 83' lang='lat' dir='ltr'><strong>acumen;</strong></span> <span class='ocrx_word' id='word_1_90' title='bbox 796 1677 945 1762; x_wconf 80' lang='lat' dir='ltr'><strong>coricus</strong></span> <span class='ocrx_word' id='word_1_91' title='bbox 968 1695 1101 1781; x_wconf 83' lang='lat' dir='ltr'><strong>vero,</strong></span> <span class='ocrx_word' id='word_1_92' title='bbox 1127 1672 1157 1755; x_wconf 93' lang='lat' dir='ltr'><strong>s1</strong></span> <span class='ocrx_word' id='word_1_93' title='bbox 1184 1677 1228 1758; x_wconf 93' lang='lat' dir='ltr'><strong>in</strong></span> <span class='ocrx_word' id='word_1_94' title='bbox 1254 1682 1388 1788; x_wconf 84' lang='lat' dir='ltr'><strong>anguli</strong></span> <span class='ocrx_word' id='word_1_95' title='bbox 1415 1675 1578 1788; x_wconf 74' lang='lat' dir='ltr'><strong>perfetii</strong></span> <span class='ocrx_word' id='word_1_96' title='bbox 1599 1683 1714 1764; x_wconf 89' lang='lat' dir='ltr'><strong>abeat</strong></span> 
     </span>
    </p>

    <p class='ocr_par' dir='ltr' id='par_1_9' title="bbox 397 1813 570 1876">
     <span class='ocr_line' id='line_1_12' title="bbox 397 1813 570 1876; baseline -0.023 0"><span class='ocrx_word' id='word_1_97' title='bbox 397 1815 451 1876; x_wconf 92' lang='lat' dir='ltr'><strong>un</strong></span> <span class='ocrx_word' id='word_1_98' title='bbox 518 1813 570 1872; x_wconf 91' lang='lat' dir='ltr'><strong>m.</strong></span> 
     </span>
    </p>

    <p class='ocr_par' dir='ltr' id='par_1_10' title="bbox 363 1820 1719 2224">
     <span class='ocr_line' id='line_1_13' title="bbox 367 1820 1713 2008; baseline 0.007 -33"><span class='ocrx_word' id='word_1_99' title='bbox 367 1820 399 1975; x_wconf 74' lang='lat' dir='ltr'><strong>p</strong></span> <span class='ocrx_word' id='word_1_100' title='bbox 432 1936 460 1982; x_wconf 82' lang='lat' dir='ltr'><strong>t.</strong></span> <span class='ocrx_word' id='word_1_101' title='bbox 507 1898 654 2008; x_wconf 82' lang='lat' dir='ltr'><strong>Globofi</strong></span> <span class='ocrx_word' id='word_1_102' title='bbox 686 1896 797 2008; x_wconf 84' lang='lat' dir='ltr'><strong>Disci</strong></span> <span class='ocrx_word' id='word_1_103' title='bbox 813 1935 815 1938; x_wconf 95' lang='lat'>·</span> <span class='ocrx_word' id='word_1_104' title='bbox 831 1896 910 2000; x_wconf 87' lang='lat' dir='ltr'><strong>jam</strong></span> <span class='ocrx_word' id='word_1_105' title='bbox 951 1892 1084 1976; x_wconf 90' lang='lat' dir='ltr'><strong>datum</strong></span> <span class='ocrx_word' id='word_1_106' title='bbox 1119 1889 1176 1976; x_wconf 89' lang='lat' dir='ltr'><strong>est</strong></span> <span class='ocrx_word' id='word_1_107' title='bbox 1211 1899 1434 2005; x_wconf 88' lang='lat' dir='ltr'><strong>exemplum</strong></span> <span class='ocrx_word' id='word_1_108' title='bbox 1468 1903 1509 1982; x_wconf 87' lang='lat' dir='ltr'><strong>in</strong></span> <span class='ocrx_word' id='word_1_109' title='bbox 1545 1897 1713 1984; x_wconf 82' lang='lat' dir='ltr'><strong>Echino-</strong></span> 
     </span>
     <span class='ocr_line' id='line_1_14' title="bbox 363 1997 1718 2121; baseline -0.002 -26"><span class='ocrx_word' id='word_1_110' title='bbox 363 2027 416 2121; x_wconf 85' lang='lat' dir='ltr'><strong>po</strong></span> <span class='ocrx_word' id='word_1_111' title='bbox 445 2004 566 2114; x_wconf 86' lang='lat' dir='ltr'><strong>(s);</strong></span> <span class='ocrx_word' id='word_1_112' title='bbox 595 2012 661 2112; x_wconf 89' lang='lat' dir='ltr'><strong>qui</strong></span> <span class='ocrx_word' id='word_1_113' title='bbox 690 2005 730 2088; x_wconf 88' lang='lat' dir='ltr'><strong>se</strong></span> <span class='ocrx_word' id='word_1_114' title='bbox 760 2027 838 2089; x_wconf 85' lang='lat' dir='ltr'><strong>tam</strong></span> <span class='ocrx_word' id='word_1_115' title='bbox 862 1997 1037 2107; x_wconf 74' lang='lat' dir='ltr'><strong>perfecte</strong></span> <span class='ocrx_word' id='word_1_116' title='bbox 1062 2005 1104 2084; x_wconf 89' lang='lat' dir='ltr'><strong>iu</strong></span> <span class='ocrx_word' id='word_1_117' title='bbox 1133 2005 1292 2110; x_wconf 85' lang='lat' dir='ltr'>globum</span> <span class='ocrx_word' id='word_1_118' title='bbox 1322 2007 1531 2108; x_wconf 86' lang='lat' dir='ltr'><strong>extendit,</strong></span> <span class='ocrx_word' id='word_1_119' title='bbox 1559 2026 1606 2092; x_wconf 94' lang='lat' dir='ltr'><strong>ut</strong></span> <span class='ocrx_word' id='word_1_120' title='bbox 1621 2009 1718 2092; x_wconf 77' lang='lat' dir='ltr'><strong>nilrl</strong></span> 
     </span>
     <span class='ocr_line' id='line_1_15' title="bbox 373 2111 1719 2224; baseline -0.003 -22"><span class='ocrx_word' id='word_1_121' title='bbox 373 2115 443 2202; x_wconf 82' lang='lat' dir='ltr'><strong>nist</strong></span> <span class='ocrx_word' id='word_1_122' title='bbox 470 2114 589 2224; x_wconf 83' lang='lat' dir='ltr'>ipsam</span> <span class='ocrx_word' id='word_1_123' title='bbox 616 2117 733 2200; x_wconf 87' lang='lat' dir='ltr'><strong>caulis</strong></span> <span class='ocrx_word' id='word_1_124' title='bbox 761 2111 996 2216; x_wconf 71' lang='lat' dir='ltr'><strong>crassitiem,</strong></span> <span class='ocrx_word' id='word_1_125' title='bbox 1033 2112 1097 2192; x_wconf 89' lang='lat' dir='ltr'><strong>cui</strong></span> <span class='ocrx_word' id='word_1_126' title='bbox 1127 2113 1269 2197; x_wconf 87' lang='lat' dir='ltr'><strong>breves</strong></span> <span class='ocrx_word' id='word_1_127' title='bbox 1298 2113 1460 2218; x_wconf 83' lang='lat' dir='ltr'><strong>aeqirate</strong></span> <span class='ocrx_word' id='word_1_128' title='bbox 1487 2119 1719 2200; x_wconf 91' lang='lat' dir='ltr'><strong>incumbunt</strong></span> 
     </span>
    </p>

    <p class='ocr_par' dir='ltr' id='par_1_11' title="bbox 348 2217 1799 3206">
     <span class='ocr_line' id='line_1_16' title="bbox 348 2217 1782 2334; baseline -0.002 -23"><span class='ocrx_word' id='word_1_129' title='bbox 348 2227 351 2239; x_wconf 88' lang='lat'>&#39;</span> <span class='ocrx_word' id='word_1_130' title='bbox 373 2226 587 2331; x_wconf 86' lang='lat' dir='ltr'><strong>squamae,</strong></span> <span class='ocrx_word' id='word_1_131' title='bbox 615 2221 797 2330; x_wconf 86' lang='lat' dir='ltr'><strong>probast</strong></span> <span class='ocrx_word' id='word_1_132' title='bbox 823 2220 979 2301; x_wconf 89' lang='lat' dir='ltr'><strong>habeat.</strong></span> <span class='ocrx_word' id='word_1_133' title='bbox 1035 2217 1138 2302; x_wconf 90' lang='lat' dir='ltr'><strong>Hinc</strong></span> <span class='ocrx_word' id='word_1_134' title='bbox 1168 2244 1305 2304; x_wconf 89' lang='lat' dir='ltr'><strong>omnes</strong></span> <span class='ocrx_word' id='word_1_135' title='bbox 1333 2218 1488 2307; x_wconf 88' lang='lat' dir='ltr'><strong>flosculi</strong></span> <span class='ocrx_word' id='word_1_136' title='bbox 1518 2223 1558 2315; x_wconf 74' lang='lat' dir='ltr'><strong>se,</strong></span> <span class='ocrx_word' id='word_1_137' title='bbox 1576 2228 1618 2306; x_wconf 91' lang='lat' dir='ltr'><strong>in</strong></span> <span class='ocrx_word' id='word_1_138' title='bbox 1635 2228 1736 2334; x_wconf 81' lang='lat' dir='ltr'><strong>glo·&#39;</strong></span> <span class='ocrx_word' id='word_1_139' title='bbox 1778 2261 1782 2270; x_wconf 94' lang='lat'>·</span> 
     </span>
     <span class='ocr_line' id='line_1_17' title="bbox 376 2327 1717 2439; baseline -0.003 -19"><span class='ocrx_word' id='word_1_140' title='bbox 376 2333 515 2420; x_wconf 89' lang='lat' dir='ltr'><strong>bosum</strong></span> <span class='ocrx_word' id='word_1_141' title='bbox 554 2333 774 2418; x_wconf 86' lang='lat' dir='ltr'><strong>extendunt</strong></span> <span class='ocrx_word' id='word_1_142' title='bbox 808 2349 963 2432; x_wconf 84' lang='lat' dir='ltr'><strong>caput,</strong></span> <span class='ocrx_word' id='word_1_143' title='bbox 999 2327 1114 2432; x_wconf 87' lang='lat' dir='ltr'><strong>idque</strong></span> <span class='ocrx_word' id='word_1_144' title='bbox 1146 2332 1187 2410; x_wconf 88' lang='lat' dir='ltr'><strong>in</strong></span> <span class='ocrx_word' id='word_1_145' title='bbox 1224 2327 1391 2414; x_wconf 88' lang='lat' dir='ltr'><strong>formam</strong></span> <span class='ocrx_word' id='word_1_146' title='bbox 1414 2333 1616 2439; x_wconf 77' lang='lat' dir='ltr'><strong>erinacei,</strong></span> <span class='ocrx_word' id='word_1_147' title='bbox 1652 2337 1717 2418; x_wconf 91' lang='lat' dir='ltr'><strong>cui</strong></span> 
     </span>
     <span class='ocr_line' id='line_1_18' title="bbox 374 2436 1764 2547; baseline -0.001 -19"><span class='ocrx_word' id='word_1_148' title='bbox 374 2444 555 2528; x_wconf 85' lang='lat' dir='ltr'><strong>membris</strong></span> <span class='ocrx_word' id='word_1_149' title='bbox 596 2438 797 2540; x_wconf 72' lang='lat' dir='ltr'><strong>contraite</strong></span> <span class='ocrx_word' id='word_1_150' title='bbox 834 2436 1005 2541; x_wconf 90' lang='lat' dir='ltr'><strong>undique</strong></span> <span class='ocrx_word' id='word_1_151' title='bbox 1044 2439 1215 2522; x_wconf 87' lang='lat' dir='ltr'><strong>eminent</strong></span> <span class='ocrx_word' id='word_1_152' title='bbox 1255 2441 1417 2547; x_wconf 66' lang='lat' dir='ltr'><strong>aculei,</strong></span> <span class='ocrx_word' id='word_1_153' title='bbox 1456 2459 1525 2524; x_wconf 87' lang='lat' dir='ltr'><strong>aut</strong></span> <span class='ocrx_word' id='word_1_154' title='bbox 1563 2441 1722 2545; x_wconf 86' lang='lat' dir='ltr'><strong>quidem</strong></span> <span class='ocrx_word' id='word_1_155' title='bbox 1759 2441 1764 2457; x_wconf 79' lang='grc'><em>“</em></span> 
     </span>
     <span class='ocr_line' id='line_1_19' title="bbox 374 2543 1721 2659; baseline -0.001 -23"><span class='ocrx_word' id='word_1_156' title='bbox 374 2552 544 2636; x_wconf 78' lang='lat' dir='ltr'><strong>similiter</strong></span> <span class='ocrx_word' id='word_1_157' title='bbox 570 2551 715 2634; x_wconf 82' lang='lat' dir='ltr'><strong>echrnit</strong></span> <span class='ocrx_word' id='word_1_158' title='bbox 741 2548 926 2642; x_wconf 85' lang='lat' dir='ltr'><strong>marinis,</strong></span> <span class='ocrx_word' id='word_1_159' title='bbox 952 2543 1055 2644; x_wconf 84' lang='lat' dir='ltr'><strong>unde</strong></span> <span class='ocrx_word' id='word_1_160' title='bbox 1084 2547 1124 2630; x_wconf 89' lang='lat'>&amp;</span> <span class='ocrx_word' id='word_1_161' title='bbox 1150 2548 1278 2630; x_wconf 82' lang='lat' dir='ltr'><strong>echino</strong></span> <span class='ocrx_word' id='word_1_162' title='bbox 1302 2573 1322 2632; x_wconf 88' lang='lat' dir='ltr'><strong>t</strong></span> <span class='ocrx_word' id='word_1_163' title='bbox 1346 2545 1415 2632; x_wconf 91' lang='lat' dir='ltr'><strong>seu</strong></span> <span class='ocrx_word' id='word_1_164' title='bbox 1434 2551 1632 2659; x_wconf 71' lang='lat' dir='ltr'><strong>ecbinqnos</strong></span> <span class='ocrx_word' id='word_1_165' title='bbox 1648 2575 1721 2634; x_wconf 85' lang='lat' dir='ltr'><strong>no-</strong></span> 
     </span>
     <span class='ocr_line' id='line_1_20' title="bbox 373 2565 1723 2765; baseline -0.003 -19"><span class='ocrx_word' id='word_1_166' title='bbox 373 2685 468 2746; x_wconf 91' lang='lat' dir='ltr'><strong>men</strong></span> <span class='ocrx_word' id='word_1_167' title='bbox 495 2661 585 2744; x_wconf 90' lang='lat' dir='ltr'><strong>huic</strong></span> <span class='ocrx_word' id='word_1_168' title='bbox 612 2660 769 2765; x_wconf 81' lang='lat' dir='ltr'><strong>plantae</strong></span> <span class='ocrx_word' id='word_1_169' title='bbox 797 2652 854 2738; x_wconf 88' lang='lat' dir='ltr'><strong>est</strong></span> <span class='ocrx_word' id='word_1_170' title='bbox 878 2652 1059 2736; x_wconf 92' lang='lat' dir='ltr'><strong>inditum.</strong></span> <span class='ocrx_word' id='word_1_171' title='bbox 1126 2565 1348 2738; x_wconf 51' lang='lat' dir='ltr'><strong>Globofum</strong></span> <span class='ocrx_word' id='word_1_172' title='bbox 1376 2680 1469 2765; x_wconf 87' lang='lat' dir='ltr'><strong>ergo</strong></span> <span class='ocrx_word' id='word_1_173' title='bbox 1498 2677 1723 2762; x_wconf 83' lang='lat' dir='ltr'><strong>receptacu-</strong></span> 
     </span>
     <span class='ocr_line' id='line_1_21' title="bbox 370 2763 1723 2872; baseline -0.006 -16"><span class='ocrx_word' id='word_1_174' title='bbox 370 2775 460 2856; x_wconf 90' lang='lat' dir='ltr'><strong>lum</strong></span> <span class='ocrx_word' id='word_1_175' title='bbox 499 2766 591 2870; x_wconf 89' lang='lat' dir='ltr'><strong>est,</strong></span> <span class='ocrx_word' id='word_1_176' title='bbox 628 2767 740 2872; x_wconf 84' lang='lat' dir='ltr'><strong>cujus</strong></span> <span class='ocrx_word' id='word_1_177' title='bbox 780 2786 913 2872; x_wconf 87' lang='lat' dir='ltr'><strong>margo</strong></span> <span class='ocrx_word' id='word_1_178' title='bbox 942 2781 1022 2846; x_wconf 93' lang='lat' dir='ltr'><strong>tam</strong></span> <span class='ocrx_word' id='word_1_179' title='bbox 1052 2763 1219 2846; x_wconf 88' lang='lat' dir='ltr'><strong>rotunde</strong></span> <span class='ocrx_word' id='word_1_180' title='bbox 1246 2763 1480 2848; x_wconf 85' lang='lat' dir='ltr'><strong>extrinsecus</strong></span> <span class='ocrx_word' id='word_1_181' title='bbox 1511 2766 1723 2864; x_wconf 89' lang='lat' dir='ltr'><strong>tumescit,</strong></span> 
     </span>
     <span class='ocr_line' id='line_1_22' title="bbox 374 2869 1799 2986; baseline -0.004 -22"><span class='ocrx_word' id='word_1_182' title='bbox 374 2901 421 2964; x_wconf 92' lang='lat' dir='ltr'><strong>ut</strong></span> <span class='ocrx_word' id='word_1_183' title='bbox 461 2878 533 2986; x_wconf 77' lang='lat' dir='ltr'><strong>ipsa</strong></span> <span class='ocrx_word' id='word_1_184' title='bbox 572 2871 726 2960; x_wconf 90' lang='lat' dir='ltr'><strong>flosculi</strong></span> <span class='ocrx_word' id='word_1_185' title='bbox 764 2869 967 2982; x_wconf 85' lang='lat' dir='ltr'><strong>globosum</strong></span> <span class='ocrx_word' id='word_1_186' title='bbox 995 2873 1115 2955; x_wconf 90' lang='lat' dir='ltr'><strong>talem</strong></span> <span class='ocrx_word' id='word_1_187' title='bbox 1139 2897 1299 2978; x_wconf 89' lang='lat' dir='ltr'><strong>quoque</strong></span> <span class='ocrx_word' id='word_1_188' title='bbox 1327 2871 1442 2956; x_wconf 76' lang='lat' dir='ltr'><strong>situm</strong></span> <span class='ocrx_word' id='word_1_189' title='bbox 1472 2891 1587 2979; x_wconf 87' lang='lat' dir='ltr'><strong>atque</strong></span> <span class='ocrx_word' id='word_1_190' title='bbox 1621 2875 1725 2958; x_wconf 77' lang='lat' dir='ltr'><strong>otdi·&#39;</strong></span> <span class='ocrx_word' id='word_1_191' title='bbox 1797 2977 1799 2984; x_wconf 23' lang='grc' dir='ltr'>Ι</span> 
     </span>
     <span class='ocr_line' id='line_1_23' title="bbox 375 2977 1725 3087; baseline 0 -15"><span class='ocrx_word' id='word_1_192' title='bbox 375 3013 467 3073; x_wconf 90' lang='lat' dir='ltr'><strong>nem</strong></span> <span class='ocrx_word' id='word_1_193' title='bbox 508 2979 576 3070; x_wconf 77' lang='lat' dir='ltr'><strong>sibi</strong></span> <span class='ocrx_word' id='word_1_194' title='bbox 609 2983 850 3084; x_wconf 87' lang='lat' dir='ltr'><strong>sortiantur,</strong></span> <span class='ocrx_word' id='word_1_195' title='bbox 888 2977 932 3064; x_wconf 93' lang='lat' dir='ltr'><strong>id</strong></span> <span class='ocrx_word' id='word_1_196' title='bbox 970 2979 1223 3087; x_wconf 90' lang='lat' dir='ltr'><strong>quodetiam</strong></span> <span class='ocrx_word' id='word_1_197' title='bbox 1252 2979 1430 3067; x_wconf 84' lang='lat' dir='ltr'><strong>videmus</strong></span> <span class='ocrx_word' id='word_1_198' title='bbox 1459 2985 1503 3064; x_wconf 89' lang='lat' dir='ltr'><strong>in</strong></span> <span class='ocrx_word' id='word_1_199' title='bbox 1530 2980 1725 3072; x_wconf 73' lang='lat' dir='ltr'><strong>Matrica·</strong></span> 
     </span>
     <span class='ocr_line' id='line_1_24' title="bbox 376 3087 1725 3206; baseline -0.001 -29"><span class='ocrx_word' id='word_1_200' title='bbox 376 3099 442 3180; x_wconf 83' lang='lat' dir='ltr'><strong>rio</strong></span> <span class='ocrx_word' id='word_1_201' title='bbox 469 3091 556 3206; x_wconf 83' lang='lat' dir='ltr'><strong>(r)</strong></span> <span class='ocrx_word' id='word_1_202' title='bbox 591 3119 625 3176; x_wconf 85' lang='lat'><strong>1.</strong></span> <span class='ocrx_word' id='word_1_203' title='bbox 652 3093 750 3202; x_wconf 80' lang='lat' dir='ltr'><strong>Roy.</strong></span> <span class='ocrx_word' id='word_1_204' title='bbox 780 3091 901 3174; x_wconf 83' lang='lat' dir='ltr'><strong>Prod.</strong></span> <span class='ocrx_word' id='word_1_205' title='bbox 918 3106 1012 3201; x_wconf 86' lang='lat' dir='ltr'><strong>pag.</strong></span> <span class='ocrx_word' id='word_1_206' title='bbox 1048 3112 1136 3193; x_wconf 84' lang='lat'><strong>173.</strong></span> <span class='ocrx_word' id='word_1_207' title='bbox 1176 3089 1289 3194; x_wconf 81' lang='lat' dir='ltr'><strong>quus</strong></span> <span class='ocrx_word' id='word_1_208' title='bbox 1318 3087 1604 3194; x_wconf 85' lang='lat' dir='ltr'><strong>receptaculum</strong></span> <span class='ocrx_word' id='word_1_209' title='bbox 1630 3093 1725 3176; x_wconf 87' lang='lat' dir='ltr'><strong>item</strong></span> 
     </span>
    </p>

    <p class='ocr_par' dir='ltr' id='par_1_12' title="bbox 295 3192 1730 3392">
     <span class='ocr_line' id='line_1_25' title="bbox 295 3192 1730 3392; baseline -0.015 -102"><span class='ocrx_word' id='word_1_210' title='bbox 295 3285 299 3290; x_wconf 85' lang='lat'><em>.</em></span> <span class='ocrx_word' id='word_1_211' title='bbox 378 3201 874 3392; x_wconf 42' lang='lat' dir='ltr'><strong>dgh&#39;cribitufffconvexum</strong></span> <span class='ocrx_word' id='word_1_212' title='bbox 911 3199 1087 3301; x_wconf 86' lang='lat' dir='ltr'><strong>quamvis</strong></span> <span class='ocrx_word' id='word_1_213' title='bbox 1116 3195 1271 3302; x_wconf 85' lang='lat' dir='ltr'><strong>insuper</strong></span> <span class='ocrx_word' id='word_1_214' title='bbox 1299 3192 1631 3306; x_wconf 74' lang='lat' dir='ltr'><strong>hemisphaerium</strong></span> <span class='ocrx_word' id='word_1_215' title='bbox 1659 3221 1730 3317; x_wconf 84' lang='lat' dir='ltr'><strong>ap.</strong></span> 
     </span>
    </p>

    <p class='ocr_par' dir='ltr' id='par_1_13' title="bbox 452 3311 670 3390">
     <span class='ocr_line' id='line_1_26' title="bbox 452 3311 670 3390; baseline -0.009 0"><span class='ocrx_word' id='word_1_216' title='bbox 452 3311 505 3390; x_wconf 90' lang='lat' dir='ltr'><strong>ari</strong></span> <span class='ocrx_word' id='word_1_217' title='bbox 559 3326 670 3390; x_wconf 89' lang='lat' dir='ltr'><strong>oet.</strong></span> 
     </span>
    </p>

    <p class='ocr_par' dir='ltr' id='par_1_14' title="bbox 309 3333 1732 3836">
     <span class='ocr_line' id='line_1_27' title="bbox 309 3333 1729 3524; baseline -0.004 -22"><span class='ocrx_word' id='word_1_218' title='bbox 309 3485 311 3490; x_wconf 92' lang='lat'>.</span> <span class='ocrx_word' id='word_1_219' title='bbox 376 3335 404 3422; x_wconf 70' lang='lat' dir='ltr'>p</span> <span class='ocrx_word' id='word_1_220' title='bbox 438 3333 646 3501; x_wconf 58' lang='lat' dir='ltr'><strong>Caetlerum</strong></span> <span class='ocrx_word' id='word_1_221' title='bbox 669 3407 902 3519; x_wconf 70' lang='lat' dir='ltr'><strong>receptacula</strong></span> <span class='ocrx_word' id='word_1_222' title='bbox 928 3407 1012 3489; x_wconf 86' lang='lat' dir='ltr'><strong>srve</strong></span> <span class='ocrx_word' id='word_1_223' title='bbox 1039 3407 1151 3516; x_wconf 82' lang='lat' dir='ltr'><strong>Disci</strong></span> <span class='ocrx_word' id='word_1_224' title='bbox 1178 3412 1227 3494; x_wconf 90' lang='lat' dir='ltr'><strong>ab</strong></span> <span class='ocrx_word' id='word_1_225' title='bbox 1258 3411 1337 3492; x_wconf 78' lang='lat' dir='ltr'><strong>una</strong></span> <span class='ocrx_word' id='word_1_226' title='bbox 1368 3409 1548 3497; x_wconf 74' lang='lat' dir='ltr'><strong>alterave.</strong></span> <span class='ocrx_word' id='word_1_227' title='bbox 1569 3425 1625 3497; x_wconf 74' lang='lat' dir='ltr'><strong>ex&#39;</strong></span> <span class='ocrx_word' id='word_1_228' title='bbox 1647 3418 1729 3524; x_wconf 70' lang='lat' dir='ltr'><strong>iia,·</strong></span> 
     </span>
     <span class='ocr_line' id='line_1_28' title="bbox 382 3513 1724 3638; baseline -0.003 -24"><span class='ocrx_word' id='word_1_229' title='bbox 382 3537 477 3638; x_wconf 85' lang='lat' dir='ltr'><strong>quas</strong></span> <span class='ocrx_word' id='word_1_230' title='bbox 503 3527 584 3610; x_wconf 85' lang='lat' dir='ltr'><strong>huc</strong></span> <span class='ocrx_word' id='word_1_231' title='bbox 608 3540 733 3625; x_wconf 91' lang='lat' dir='ltr'><strong>usque</strong></span> <span class='ocrx_word' id='word_1_232' title='bbox 762 3517 932 3622; x_wconf 87' lang='lat' dir='ltr'><strong>explicui</strong></span> <span class='ocrx_word' id='word_1_233' title='bbox 953 3575 967 3618; x_wconf 95' lang='lat'>,</span> <span class='ocrx_word' id='word_1_234' title='bbox 994 3513 1124 3626; x_wconf 83' lang='lat' dir='ltr'><strong>figuris</strong></span> <span class='ocrx_word' id='word_1_235' title='bbox 1142 3519 1229 3625; x_wconf 88' lang='lat' dir='ltr'><strong>plus</strong></span> <span class='ocrx_word' id='word_1_236' title='bbox 1248 3520 1375 3602; x_wconf 88' lang='lat' dir='ltr'><strong>minus</strong></span> <span class='ocrx_word' id='word_1_237' title='bbox 1395 3539 1463 3602; x_wconf 88' lang='lat' dir='ltr'><strong>aut</strong></span> <span class='ocrx_word' id='word_1_238' title='bbox 1481 3518 1724 3630; x_wconf 82' lang='lat' dir='ltr'><strong>discrepant,</strong></span> 
     </span>
     <span class='ocr_line' id='line_1_29' title="bbox 384 3623 1732 3745; baseline -0.002 -22"><span class='ocrx_word' id='word_1_239' title='bbox 384 3659 453 3723; x_wconf 91' lang='lat' dir='ltr'><strong>aut</strong></span> <span class='ocrx_word' id='word_1_240' title='bbox 481 3631 606 3745; x_wconf 87' lang='lat' dir='ltr'><strong>pa&#39;rvo</strong></span> <span class='ocrx_word' id='word_1_241' title='bbox 633 3628 765 3712; x_wconf 87' lang='lat' dir='ltr'><strong>saltem</strong></span> <span class='ocrx_word' id='word_1_242' title='bbox 797 3623 1013 3712; x_wconf 83' lang='lat' dir='ltr'><strong>discrimine</strong></span> <span class='ocrx_word' id='word_1_243' title='bbox 1039 3624 1243 3736; x_wconf 82' lang='lat' dir='ltr'><strong>specialem</strong></span> <span class='ocrx_word' id='word_1_244' title='bbox 1271 3630 1373 3710; x_wconf 89' lang='lat' dir='ltr'><strong>inter</strong></span> <span class='ocrx_word' id='word_1_245' title='bbox 1388 3623 1428 3711; x_wconf 91' lang='lat' dir='ltr'><strong>se</strong></span> <span class='ocrx_word' id='word_1_246' title='bbox 1448 3628 1616 3717; x_wconf 85' lang='lat' dir='ltr'><strong>habeant</strong></span> <span class='ocrx_word' id='word_1_247' title='bbox 1633 3659 1732 3722; x_wconf 88' lang='lat' dir='ltr'><strong>con·</strong></span> 
     </span>
     <span class='ocr_line' id='line_1_30' title="bbox 381 3739 1691 3836; baseline -0.01 0"><span class='ocrx_word' id='word_1_248' title='bbox 381 3745 670 3836; x_wconf 67' lang='lat' dir='ltr'><strong>venientium..</strong></span> <span class='ocrx_word' id='word_1_249' title='bbox 1626 3739 1630 3752; x_wconf 82' lang='grc'><em>’</em></span> <span class='ocrx_word' id='word_1_250' title='bbox 1687 3795 1691 3800; x_wconf 94' lang='grc'>-</span> 
     </span>
    </p>

    <p class='ocr_par' dir='ltr' id='par_1_15' title="bbox 437 3841 1726 3960">
     <span class='ocr_line' id='line_1_31' title="bbox 437 3841 1726 3960; baseline -0.005 -22"><span class='ocrx_word' id='word_1_251' title='bbox 437 3855 514 3938; x_wconf 91' lang='lat' dir='ltr'><strong>Pro</strong></span> <span class='ocrx_word' id='word_1_252' title='bbox 553 3846 789 3960; x_wconf 87' lang='lat' dir='ltr'><strong>tegumentis</strong></span> <span class='ocrx_word' id='word_1_253' title='bbox 825 3850 866 3930; x_wconf 91' lang='lat' dir='ltr'><strong>in</strong></span> <span class='ocrx_word' id='word_1_254' title='bbox 903 3843 1130 3942; x_wconf 73' lang='lat' dir='ltr'><strong>receptaculi</strong></span> <span class='ocrx_word' id='word_1_255' title='bbox 1163 3841 1365 3952; x_wconf 88' lang='lat' dir='ltr'><strong>superficie</strong></span> <span class='ocrx_word' id='word_1_256' title='bbox 1401 3847 1480 3932; x_wconf 88' lang='lat' dir='ltr'><strong>hoc</strong></span> <span class='ocrx_word' id='word_1_257' title='bbox 1522 3871 1726 3958; x_wconf 75' lang='lat' dir='ltr'><strong>praeterea</strong></span> 
     </span>
    </p>

    <p class='ocr_par' dir='ltr' id='par_1_16' title="bbox 355 3951 1730 4076">
     <span class='ocr_line' id='line_1_32' title="bbox 355 3951 1730 4076; baseline -0.002 -22"><span class='ocrx_word' id='word_1_258' title='bbox 355 3963 588 4076; x_wconf 78' lang='lat' dir='ltr'><strong>&#39;saeptum</strong></span> <span class='ocrx_word' id='word_1_259' title='bbox 625 3956 736 4046; x_wconf 91' lang='lat' dir='ltr'><strong>suam</strong></span> <span class='ocrx_word' id='word_1_260' title='bbox 771 3957 935 4066; x_wconf 89' lang='lat' dir='ltr'><strong>acquirit</strong></span> <span class='ocrx_word' id='word_1_261' title='bbox 970 3951 1293 4060; x_wconf 69' lang='lat' dir='ltr'><strong>distmffionem,</strong></span> <span class='ocrx_word' id='word_1_262' title='bbox 1331 3957 1583 4066; x_wconf 83' lang='lat' dir='ltr'><strong>quamobrem</strong></span> <span class='ocrx_word' id='word_1_263' title='bbox 1619 3986 1730 4051; x_wconf 87' lang='lat' dir='ltr'><strong>nunc</strong></span> 
     </span>
    </p>
   </div>
   <div class='ocr_carea' id='block_1_4' title="bbox 1682 4071 1750 4202">
    <p class='ocr_par' dir='ltr' id='par_1_17' title="bbox 1682 4071 1750 4202">
     <span class='ocr_line' id='line_1_33' title="bbox 1682 4071 1750 4202; baseline 0 -46"><span class='ocrx_word' id='word_1_264' title='bbox 1682 4071 1750 4202; x_wconf 13' lang='grc' dir='ltr'><strong>πᾶν</strong></span> 
     </span>
    </p>
   </div>
   <div class='ocr_carea' id='block_1_5' title="bbox 325 4287 898 4380">
    <p class='ocr_par' dir='ltr' id='par_1_18' title="bbox 325 4287 898 4380">
     <span class='ocr_line' id='line_1_34' title="bbox 325 4287 898 4380; baseline 0.003 -32"><span class='ocrx_word' id='word_1_265' title='bbox 325 4343 327 4348; x_wconf 91' lang='grc'>.</span> <span class='ocrx_word' id='word_1_266' title='bbox 363 4332 366 4342; x_wconf 84' lang='grc'>.</span> <span class='ocrx_word' id='word_1_267' title='bbox 430 4293 494 4380; x_wconf 80' lang='lat' dir='ltr'><strong>(p)</strong></span> <span class='ocrx_word' id='word_1_268' title='bbox 516 4289 613 4357; x_wconf 75' lang='lat' dir='ltr'><strong>Tau.</strong></span> <span class='ocrx_word' id='word_1_269' title='bbox 637 4303 667 4366; x_wconf 89' lang='lat'><strong>7.</strong></span> <span class='ocrx_word' id='word_1_270' title='bbox 689 4288 743 4372; x_wconf 80' lang='lat' dir='ltr'><strong>fig.</strong></span> <span class='ocrx_word' id='word_1_271' title='bbox 768 4303 819 4360; x_wconf 83' lang='lat' dir='ltr'><strong>ra.</strong></span> <span class='ocrx_word' id='word_1_272' title='bbox 840 4287 898 4353; x_wconf 92' lang='lat' dir='ltr'><strong>bb.</strong></span> 
     </span>
    </p>
   </div>
   <div class='ocr_carea' id='block_1_6' title="bbox 429 4371 751 4541">
    <p class='ocr_par' dir='ltr' id='par_1_19' title="bbox 429 4371 751 4541">
     <span class='ocr_line' id='line_1_35' title="bbox 430 4371 751 4462; baseline 0.019 -26"><span class='ocrx_word' id='word_1_273' title='bbox 430 4376 494 4462; x_wconf 80' lang='lat' dir='ltr'><strong>(q)</strong></span> <span class='ocrx_word' id='word_1_274' title='bbox 519 4371 596 4438; x_wconf 81' lang='lat' dir='ltr'><strong>ibid.</strong></span> <span class='ocrx_word' id='word_1_275' title='bbox 620 4372 675 4454; x_wconf 75' lang='lat' dir='ltr'><strong>fig.</strong></span> <span class='ocrx_word' id='word_1_276' title='bbox 701 4387 751 4454; x_wconf 81' lang='lat'><strong>13.</strong></span> 
     </span>
     <span class='ocr_line' id='line_1_36' title="bbox 429 4451 648 4541; baseline -0.009 -21"><span class='ocrx_word' id='word_1_277' title='bbox 429 4461 491 4541; x_wconf 83' lang='lat' dir='ltr'><strong>(r)</strong></span> <span class='ocrx_word' id='word_1_278' title='bbox 515 4451 595 4522; x_wconf 81' lang='lat' dir='ltr'><strong>lbid·</strong></span> <span class='ocrx_word' id='word_1_279' title='bbox 619 4473 648 4519; x_wconf 88' lang='lat' dir='ltr'><strong>c.</strong></span> 
     </span>
    </p>
   </div>
   <div class='ocr_carea' id='block_1_7' title="bbox 0 0 2439 6164">
    <p class='ocr_par' dir='ltr' id='par_1_20' title="bbox 0 0 2439 6164">
     <span class='ocr_line' id='line_1_37' title="bbox 0 0 2439 6164; baseline 0 0"><span class='ocrx_word' id='word_1_280' title='bbox 0 0 2439 6164; x_wconf 95' lang='lat' dir='ltr'><strong> </strong></span> 
     </span>
    </p>
   </div>
  </div>
 </body>
</html>
