4794 6156
712 493 1855 604 noanneane

719 711 724 724 ·
781 692 1012 792 commens3
1041 693 1184 798 quique
1215 685 1388 776 absoluta
1416 691 1662 784 florescentia
1692 708 1956 820 contrahitur,
1984 723 2067 806 mai

716 747 877 993 {Itum
914 819 1043 882 autern
1090 797 1233 882 semine
1282 801 1472 908 expansus
1521 805 1747 896 reflectitur.
1832 817 1923 912 ain.
1969 829 2067 919 Gen.
2102 883 2107 891 ·

591 963 619 987 a.
670 979 678 995 ,
777 927 859 993 ant.
908 932 969 990 a.
1082 969 1092 988 .
1670 971 1674 982 ,

775 1019 857 1100 Res
866 925 984 1100 -iltjagse
1001 933 1123 1098 {Anger
1142 1017 1181 1098 in
1201 1013 1482 1128 llppochasride
1505 1021 1685 1136 (pap.
1711 1027 1832 1116 Prod.
1851 1054 1943 1148 pag.
1969 1066 2057 1148 rsa.

718 1125 850 1230 Hujus
879 1126 982 1208 enirn
1012 1123 1121 1206 floris
1151 1129 1264 1231 calyx
1292 1125 1423 1237 (h),
1458 1131 1610 1216 hirsutis
1638 1139 1857 1227 lanceolatis
1897 1143 2063 1255 squamis

719 1236 902 1332 cintius,
943 1253 1153 1338 antequam
1180 1233 1220 1317 se
1246 1240 1419 1343 aperiat,
1449 1241 1551 1323 arete
1584 1245 1731 1328 clausus
1760 1275 1916 1361 manet,
1943 1262 2061 1366 idque

717 1363 820 1426 certe
850 1343 928 1425 hoc
958 1342 1110 1426 rnodo:
1151 1341 1328 1449 squamae
1369 1351 1542 1454 internae
1581 1409 1613 1456 „
1635 1351 1818 1442 flosculos
1862 1385 2062 1476 tangentes

719 1510 751 1558 „
780 1475 915 1534 eorum
941 1450 1149 1534 summitati
1176 1453 1276 1534 adeo
1303 1455 1559 1562 incumbunt,
1587 1479 1631 1543 nt
1660 1488 1751 1547 eum
1783 1467 1859 1552 suis
1886 1479 2061 1580 apicibus

716 1618 747 1668 „
781 1563 822 1642 in
851 1577 1029 1642 centrum
1066 1578 1341 1642 concurrentes
1376 1566 1655 1664 cylindraceam
1690 1569 1934 1678 superficiem
1964 1581 2061 1670 faci-

716 1709 748 1775 „
775 1689 864 1768 ant,
895 1685 1014 1771 atque
1042 1668 1093 1746 ita
1123 1665 1374 1750 flosculorum
1402 1665 1622 1780 fastigia&
1654 1681 1793 1764 limbos
1821 1689 1862 1768 in
1887 1699 2057 1802 margine

714 1835 747 1882 ‚,
776 1780 958 1882 cingant,
987 1774 1090 1857 unde
1122 1775 1234 1856 multi
1265 1774 1417 1860 flosculi
1449 1783 1497 1864 ab
1527 1787 1572 1866 iis
1599 1788 1861 1876 includuntur.
1919 1800 2068 1910 Quum

715 1944 749 1992 ,‚
776 1883 815 1966 hi
853 1883 930 1986 jam
966 1883 1014 1965 ad
1050 1879 1237 1985 majmem
1275 1894 1524 1992 pervenerint
1554 1893 1874 2008 perfeetionem,
1914 1908 2056 1998 horum

715 2051 747 2098 „
775 1991 1067 2075 increscentiam
1099 1989 1245 2101 fastigia
1274 2015 1413 2103 urgent
1441 1997 1674 2088 sunnnitates
1702 2007 1930 2098 reliexarum
1949 2016 1974 2101 s
1992 2045 2059 2106 ua·

711 2117 744 2210 „'
774 2125 923 2185 marum
941 2103 982 2182 in
1011 2097 1181 2205 Calyce,
1212 2104 1278 2206 qui
1306 2107 1506 2207 pariterse
1527 2116 1647 2218 aperit
1674 2115 1766 2227 (k)
1792 2150 1803 2202 ε
1834 2045 2056 2213 Tuncflos·

714 2269 746 2318 „
775 2213 955 2294 culorum
974 2231 1110 2315 magna
1139 2209 1264 2317 Copia
1292 2209 1375 2320 (l)
1404 2213 1539 2298 senfim
1559 2242 1610 2302 ex
1640 2225 1797 2308 eosese
1819 2233 1923 2336 quast
1950 2241 2055 2322 evol-

713 2375 746 2424 „
776 2321 859 2420 vit,
888 2318 928 2400 &
956 2318 1106 2425 lingulis
1136 2317 1287 2400 reflexis
1308 2344 1454 2414 ¹ornnes
1484 2325 1593 2410 srmul
1620 2330 1797 2418 corollam
1826 2345 2056 2454 campestrem

713 2477 745 2528 ,‚
774 2425 1013 2509 imbricatam
1049 2422 1130 2509 five
1157 2425 1404 2534 s'qtramatam
1431 2433 1619 2520 exhibent
1647 2435 1668 2544 (
1679 2465 1716 2523 m
1754 2503 1764 2524 .
1832 2447 1952 2532 Porto
1990 2456 2053 2542 hic

707 2534 878 2645 „calyx
907 2537 1083 2619 continet
1104 2558 1313 2618 commune
1333 2547 1621 2644 receptaculum
1651 2547 1712 2656 (n
1759 2613 1773 2652 ,
1802 2560 1867 2654 cui
1884 2559 2054 2648 inserun-
2120 2579 2123 2586 '

708 2702 740 2746 „
769 2661 831 2726 tur
861 2639 1014 2726 flosculi
1041 2645 1090 2749 (p
1112 2640 1171 2752 ),
1208 2645 1279 2729 suo
1307 2651 1486 2756 germini,
1516 2651 1598 2740 five
1623 2659 1699 2744 suis
1725 2658 1966 2772 seminibus,
1993 2672 2055 2758 su-

710 2809 744 2854 „
770 2751 1018 2860 perimposrti.
1084 2751 1177 2838 Hoc
1213 2778 1302 2838 rece
1333 2761 1548 2868 taculum,
1589 2769 1695 2874 quod
1715 2771 1876 2879 planam
1914 2780 2054 2866 &nu-

710 2919 744 2968 „
772 2861 863 2942 dum
894 2857 1067 2962 dicitur,
1104 2865 1204 2946 cauli
1233 2781 1330 2976 (pg
1357 2889 1403 2948 ac
1431 2872 1553 2954 totius
1581 2877 1736 2982 Calycis
1765 2881 1844 2964 basr
1868 2887 2051 2976 extensae

704 3029 739 3076 ‚,
767 2961 934 3052 infidet:
964 2968 1027 3052 Sic
1057 2969 1278 3080 superficies
1304 2975 1460 3058 interna
1487 2977 1583 3090 (q)
1614 2985 1767 3090 Calycis
1794 2991 2053 3082 confidentur

704 3133 737 3182 „
764 3096 811 3160 ut
837 3079 1141 3188 receptaculum
1170 3097 1331 3169 externa
1358 3079 1454 3194 (r)
1481 3107 1611 3174 autem
1637 3091 1762 3180 crusta
1792 3097 1955 3184 habetur
1974 3131 2050 3212 pro

701 3225 734 3289 „
750 3187 925 3296 ‚Calycis
943 3187 1045 3270 basa:
1074 3189 1251 3298 squamae
1279 3187 1348 3379 fr)
1377 3190 1584 3306 deinceps,
1614 3225 1638 3286 e
1668 3209 1897 3314 receptaculi,
1912 3220 2050 3324 margi·

707 3354 739 3399 „
766 3294 896 3376 nevel
918 3317 969 3375 ex
994 3287 1074 3378 bala
1094 3301 1251 3401 Calycis
1295 3320 1499 3406 urgentes,
1529 3313 1803 3422 receptaculum
1820 3320 2048 3433 includunt,
2066 3427 2068 3434 ‚

704 3462 737 3506 „
764 3399 874 3505 quod
901 3401 993 3484 hinc
1020 3407 1061 3485 in
1090 3406 1239 3510 Calyce
1266 3429 1355 3490 cum
1384 3413 1512 3498 multis
1548 3418 1719 3506 flosculis
1754 3423 1880 3512 adeffe
1912 3430 2049 3518 descri-

703 3569 737 3617 „
765 3509 889 3614 bitur,
917 3511 957 3594 δι
986 3513 1144 3617 quidem
1172 3537 1223 3595 eo
1253 3514 1295 3596 in
1318 3514 1410 3598 loco
1439 3523 1506 3606 ubi
1536 3524 1584 3611 fit
1611 3530 1880 3619 florescentia:
1910 3541 2047 3625 Omni·

703 3675 738 3723 „
765 3617 838 3702 bus
874 3642 972 3704 vero
1007 3621 1118 3712 dieta
1161 3620 1459 3734 lippocbaeridis
1499 3633 1666 3744 ligulatis
1712 3640 1882 3730 flosculis
1920 3647 2048 3756 Calyx

703 3789 735 3837 „
765 3727 821 3811 est
848 3733 1068 3815 communis
1123 3735 1163 3823 δι
1194 3731 1273 3844 lpse
1303 3731 1377 3822 flos
1401 3737 1646 3830 imbricatae»
1676 3753 1905 3864 campestrem
1929 3757 2048 3848 corel·

704 3895 739 3946 „
767 3836 845 3923 am
873 3836 991 3926 refert
1018 3837 1044 3951 (
1075 3791 1114 3950 5.

601 4027 603 4034 ‚
740 4055 812 4216 g),
829 4051 1096 4222 E†;.fitgli§·fig.
1112 4073 1352 4149 9,10‚11,12.
1457 4091 1473 4133 o

739 4217 806 4460 (ii
819 4216 974 4479 iiiia
988 4305 1122 4454 libbi·

678 4593 683 4602 .
723 4461 974 4642 inillis,
991 4551 1091 4637 o
