4794 6156
567 597 571 605 Ι
649 401 652 408 1
689 515 749 602 44
862 487 945 576 DE
972 484 1214 602 COROLL.
1243 489 1410 592 PROP.
1436 495 1889 610 MONOIJ.·LIGUL.

669 629 759 768 ¹'uel
787 681 913 767 cordis
939 679 1104 790 figuram
1136 684 1381 794 habentem,
1410 698 1559 800 aequali
1585 708 1753 814 margine
1779 707 1961 822 destant,
1998 737 2048 823 ut

697 793 739 876 in
769 790 942 902 Sylphio,
971 795 1010 876 dc
1043 790 1249 878 Helionrho
1273 799 1349 884 &o
1376 803 1567 890 videmus.

753 898 796 982 Si
833 923 930 984 vero
965 899 1117 1006 sigalati
1150 895 1295 988 flosculi
1333 933 1434 1014 apex
1471 912 1518 995 srt
1555 911 1726 1030 incisus,
1765 931 1805 1012 &
1834 933 2043 1042 incisurae,
2096 982 2100 991 ·
2165 1009 2171 1014 .

696 1026 837 1114 utpote
875 1030 974 1114 quae
1005 1030 1143 1093 revera
1170 1036 1245 1120 pro
1268 1017 1408 1112 laciniis
1434 1019 1523 1104 sunt
1541 1025 1765 1136 habendae,
1793 1041 1844 1122 ad
1862 1044 2044 1128 eumdem

695 1117 860 1199 modum
890 1141 969 1222 quo
999 1117 1073 1200 hae
1096 1122 1137 1202 in
1153 1121 1350 1233 anhelaſse,
1380 1129 1662 1222 excrescant&
1685 1142 1929 1251 dividanttu,
1958 1170 2043 1238 tum

695 1226 920 1330 huiusmodi
962 1223 1152 1310 flosculus
1185 1233 1296 1334 apice
1329 1235 1469 1321 dicitur
1502 1244 1655 1328 dentato
1693 1248 1817 1362 (f),
1858 1263 2044 1362 quoniam
2164 1291 2170 1300 ·

544 1343 547 1350 '
696 1332 883 1417 incisurae
914 1332 1005 1418 sunt
1029 1333 1146 1417 instar
1171 1339 1381 1446 dentium,
1412 1349 1477 1451 qui
1505 1373 1579 1452 pro
1610 1352 1682 1437 suo
1705 1383 1872 1446 numero
1900 1369 2043 1453 iterum

696 1442 798 1528 inter
826 1445 925 1526 tales
952 1441 1138 1526 flosculos
1165 1445 1448 1538 distinctionem
1474 1454 1635 1544 faciunt.
1682 1465 1745 1550 Sic
1771 1473 1811 1554 in
1841 1471 1974 1578 Astera
2006 1503 2041 1562 r.

690 1549 793 1660 Ray.
821 1553 938 1740 lm
965 1567 1059 1659 pag.
1094 1557 1183 1636 166.
1217 1555 1405 1645 flosculus
1423 1561 1612 1668 fimineas
1636 1596 1801 1659 vocatur
1825 1581 2007 1686 ligulatar
2025 1651 2045 1694 ,,

692 1659 820 1742 lancea
835 1674 947 1762 atus,
978 1661 1212 1748 tridentatas
1240 1664 1334 1778 (g)
1365 1672 1459 1754 Gen.
1510 1674 1603 1759 sana
1621 1695 1715 1788 pag.
1746 1709 1838 1792 373.
1866 1696 1971 1778 ut&
1997 1700 2039 1780 in

694 1765 924 1874 Baphtolmo
942 1783 1112 1887 patent,
1149 1774 1382 1861 tridentatus
1409 1691 1554 1888 (hle
1572 1783 1618 1868 ln
1650 1789 1834 1879 Hierocae
1873 1824 1913 1903 4.
1941 1803 2039 1913 Roy.

623 1903 625 1906 ·
681 1878 798 1986 prod.
819 1891 912 1984 pag.
946 1902 990 1958 12
997 1901 1033 1980 3.
1071 1876 1252 1966 flosculus
1293 1892 1526 1993 'roponitur
1563 1893 1774 2006 ligusatas,
1811 1922 2012 1996 truncatus
2024 1977 2040 2018 ,

692 1983 853 2068 linearis
881 1981 964 2094 (i)
993 1988 1059 2090 qui
1085 2011 1249 2094 propter
1278 1909 1361 2082 (luas
1390 2000 1563 2106 quinque
1599 2006 1757 2094 lacinias
1780 2039 1900 2120 porro
1930 2023 2040 2128 prtin-

550 2140 552 2144 ‚
690 2095 939 2200 quadraretur
966 2090 1056 2204 (le)
1085 2095 1239 2180 dicitur.

748 2200 909 2284 Praeter
946 2203 1040 2283 istos
1069 2199 1258 2289 flosculos
1290 2213 1329 2296 &
1362 2215 1421 2296 alii
1450 2215 1609 2323 adsunt,
1640 2249 1806 2328 quorum
1835 2257 1934 2339 apex
1963 2263 2038 2323 nec

689 2313 872 2414 integer,
912 2333 987 2392 nec
1025 2313 1202 2396 dentatas
1227 2313 1319 2422 est,
1358 2319 1424 2406 sed
1465 2329 1532 2429 qui
1572 2331 1705 2416 verlirs
1736 2334 1850 2423 suum
1885 2350 2037 2450 apicem

689 2417 815 2521 cordis
854 2413 938 2530 (l)
975 2415 1171 2524 recipiunt
1196 2419 1393 2532 figuram3
1433 2432 1475 2513 id
1503 2437 1610 2538 quod
1642 2444 1874 2552 plerumque
1901 2457 2035 2540 videre

687 2527 776 2610 licet
802 2528 841 2608 in
865 2528 937 2629 iis,
959 2528 1107 2634 ¹quibus
1136 2531 1252 2638 ligula
1287 2535 1353 2620 vel
1392 2539 1535 2650 limbus
1562 2546 1602 2624 in
1635 2551 1875 2642 latitudinem
1898 2561 1937 2645 se
1968 2589 2035 2646 ex·

687 2635 850 2734 tendit,
890 2659 1005 2740 quam
1036 2638 1089 2718 ob
1128 2637 1295 2724 caullam
1332 2648 1449 2730 etiam
1487 2649 1689 2738 linearium
1718 2686 1862 2752 nomen
1894 2671 2035 2756 habere
2117 2681 2124 2692 '

685 2751 903 2846 nequeunt.
958 2741 1162 2848 Ejusmodi
1191 2751 1314 2856 ligulis
1343 2755 1486 2859 gaudet
1517 2760 1851 2870 Chrpstmthamum
1876 2803 1909 2859 1.
1937 2779 2038 2888 Ray.

673 2853 795 2960 prod.
814 2859 908 3038 gog.
944 2873 1032 2955 174.
1060 2853 1111 2933 ad
1135 2855 1246 2958 cujus
1271 2857 1415 2962 speciei
1447 2869 1597 2970 apicem
1623 2874 1784 2961 incisura
1813 2882 1869 2964 est
1892 2884 2032 2994 (m),

687 2981 788 3062 quae
848 2976 911 3038 tus
944 2959 1246 3068 circumcingens
1281 2967 1322 3048 in
1350 2971 1482 3056 medio
1511 2981 1720 3064 cavitatem
1752 2983 1878 3097 facit,
1914 3001 2034 3098 qualis

685 3063 783 3150 haec
813 3064 1034 3178 depingitur
1060 3071 1100 3150 in
1129 3071 1250 3153 corde
1270 3073 1477 3185 humano,
1516 3086 1622 3170 unde
1664 3088 1783 3198 ligula
1819 3101 1860 3179 in
1898 3107 2036 3190 corda·

683 3189 766 3260 ram
796 3171 957 3282 figuram
995 3177 1101 3258 abire
1139 3177 1373 3268 describitur.
1444 3191 1593 3278 Clarius
1630 3197 1708 3283 hoc
1737 3201 1777 3286 se
1818 3207 1953 3294 exserit
1991 3219 2033 3300 in

583 3373 588 3386 ,
682 3281 883 3369 Achillaea
912 3283 1023 3387 cujus
1051 3283 1238 3370 flosculus
1269 3300 1565 3400 cognominatur
1592 3307 1847 3418 ricordatus,
1868 3333 2030 3430 parans,

684 3415 761 3474 nec
788 3413 871 3470 non
897 3388 1085 3496 effidem,
1123 3397 1211 3500 quia
1238 3401 1278 3480 in
1307 3403 1442 3506 mediis
1469 3407 1618 3494 duabus
1648 3421 1853 3530 rotundis,
1875 3429 1918 3512 in
1944 3455 2030 3516 coo.

686 3495 746 3580 dis
777 3495 938 3605 figuram
966 3500 1197 3588 abeuntibus
1224 3507 1395 3611 laciniis,
1426 3519 1552 3600 minor
1582 3521 1699 3608 adest.
1899 3577 1902 3584 ·

749 3605 938 3709 Denique
978 3605 1129 3714 lr‘gulati
1168 3612 1316 3702 flosculi
1361 3644 1462 3724 apex
1512 3627 1652 3723 dicitur¹
1693 3649 1930 3750 arrrncatus,
1965 3671 2030 3732 eo

683 3705 789 3819 ¹quod
817 3716 976 3796 laciniae
1014 3718 1218 3822 aequaliter
1250 3743 1451 3814 truncatae
1481 3733 1605 3840 sunt,
1645 3742 1743 3828 adeo
1773 3771 1818 3832 ut
1847 3753 2029 3847 denticuli

682 3825 776 3906 altor
809 3825 929 3906 altero
956 3847 1037 3906 non
1065 3826 1139 3910 srnt
1168 3832 1364 3939 longiores
1393 3839 1419 3948 (
1463 3838 1501 3948 ).

738 3930 779 4016 Si
810 3931 897 4036 quis
926 3955 1027 4057 vero
1050 3941 1328 4024 accuratiorem
1358 3943 1525 4054 ligulati
1548 3953 1700 4046 flosculi
1733 3963 2027 4081 descriptionem
2156 3936 2159 3940 ⁵

626 4058 629 4063 ·
1933 4085 2029 4168 defi-

722 4227 782 4308 (f)
806 4223 900 4292 Tan.
932 4245 962 4314 3.
993 4229 1048 4316 lig.
1080 4229 1131 4297 28.
1148 4251 1268 4380 3333.
1304 4242 1334 4310 dt

796 4306 891 4374 Tan.
912 4330 943 4392 4.
966 4311 1021 4457 sig.
1044 4331 1095 4397 35.
1120 4317 1139 4381 d
1172 4365 1179 4382 .

680 4517 695 4540 ,
720 4392 784 4550 ‘si
806 4387 962 4538 ire:
985 4415 1115 4540 2i1²57

714 4476 775 4640 li)
799 4551 876 4621 lbid·
899 4493 956 4642 fig.
978 4573 1031 4642 27.
1052 4557 1082 4627 ἀ
1106 4559 1159 4635 28.

1441 4249 1480 4333 k)
1505 4249 1580 4317 lbid.
1600 4257 1630 4322 b.
1696 4305 1701 4310 -

1441 4333 1477 4414 l)
1503 4333 1579 4432 ibid.
1601 4341 1658 4424 fig.
1681 4361 1731 4429 24.
1755 4368 1785 4416 c.

1417 4255 1433 4325 l

1285 4443 1288 4448 ·
1417 4335 1492 4496 lm)
1516 4417 1592 4488 lbd.

1412 4497 1477 4580 (a)
1502 4499 1578 4570 lbid.
1600 4501 1661 4600 fig.
1689 4507 1740 4575 28.
1759 4531 1873 4603 ggggg.
2001 4599 2007 4608 .
