4794 6156
524 439 529 448 ’
670 511 742 632 qa
902 497 1792 602 nacoaoaaacoaaaostaa

682 779 687 786 .
724 705 961 792 *Itala-itata
985 701 1076 814 (a)
1112 704 1216 786 enirn
1246 699 1490 806 appellatur,
1529 699 1686 801 quando
1725 700 1837 782 multi
1877 697 2032 790 flosculi

684 819 826 926 ligulati
867 815 1079 896 identidem
1118 808 1248 894 tersus
1274 825 1448 892 centrum
1485 805 1599 892 Dirca'
1626 807 1725 891 fiunt
1753 813 1958 910 minores,
1988 815 2028 896 &

689 924 768 1010 sese
800 925 1025 1006 imbricatim
1060 941 1229 1029 tegunt,
1266 918 1307 1002 id
1348 915 1457 1026 quod
1503 918 1683 1004 omnibus
1719 913 2030 1008 semiflosculosts

686 1023 956 1122 ROYENI
984 1043 1193 1112 commune
1222 1024 1290 1110 est.
1807 1041 1810 1044 ·

740 1139 873 1224 Etiam
909 1141 970 1220 illa
1007 1138 1157 1222 Catulla
1197 1150 1424 1245 comporta,
1464 1133 1576 1237 cujus
1605 1133 1756 1238 flosculi
1785 1160 1920 1220 omnes
1952 1142 2031 1224 una

687 1251 903 1354 eidemque
937 1247 1057 1350 figuti
1086 1245 1295 1352 gaudent,
1340 1242 1577 1352 distinguitur
1608 1247 1767 1324 nomine
1806 1247 2032 1332 imbricatae

686 1354 888 1554 praeformat
917 1351 1002 1468 (f)
1032 1359 1081 1440 ab
1111 1358 1189 1455 fis,
1228 1376 1326 1462 quae
1356 1353 1452 1436 duas
1489 1351 1745 1436 flosculorum
1772 1351 1917 1460 species
1942 1379 2032 1466 pro·
2147 1454 2148 1457 p

714 1485 849 1552 ucunt.

745 1576 912 1660 Additur
938 1572 1140 1676 aliquando
1163 1569 1311 1676 plana:
1346 1563 1398 1650 fle
1433 1565 1633 1651 cichoreaa
1662 1567 1822 1652 Corolla
1854 1567 2036 1656 describi·

689 1703 752 1769 tur
771 1681 974 1788 amfirrmr't
992 1681 1113 1790 platta
1142 1680 1241 1788 (ως
1270 1681 1309 1761 id
1337 1677 1442 1782 quod
1461 1680 1576 1760 etiam
1589 1676 1637 1758 'ia
1654 1675 1914 1786 Tragopogoae
1933 1682 2033 1762 mul·

690 1797 817 1897 risque
845 1791 926 1870 aliis
953 1787 1261 1872 semiflosculosts
1301 1788 1510 1870 videmuse
1547 1786 1721 1868 Planities
1758 1807 1864 1868 certe
1892 1785 2031 1890 adest,

693 1901 788 1984 dum
826 1901 939 2004 pauci
977 1900 1120 2002 ligulati
1155 1897 1302 1979 flosculi
1338 1897 1390 1976 ita
1419 1891 1630 1977 extrorsum
1669 1911 1836 2000 patent,
1879 1916 1925 1977 ut
1961 1919 2036 1978 nec

688 2007 849 2117 figuram
879 2005 1073 2114 globosam
1103 2031 1178 2089 nec
1209 2025 1421 2086 concavam
1450 2001 1683 2103 conficiant,
1720 1999 1853 2084 sedin
1882 2005 2036 2109 planitie

686 2119 863 2222 aequali,
895 2114 1046 2222 saepius
1075 2111 1240 2218 squamis
1266 2109 1448 2214 calycinis
1487 2109 1700 2214 imposita,
1737 2110 1910 2194 corollam
1940 2138 2036 2193 com·

684 2228 844 2338 pastam
875 2224 1032 2364 plapaam
1063 2238 1328 2332 componant,
1363 2238 1408 2300 ut
1437 2221 1552 2302 etiam
1580 2221 1625 2300 in
1650 2237 1915 2331 tragopogone
1944 2217 2040 2304 Stal-

689 2327 1224 2548 lfisri'gaqytltostfe)⁹compafita
1263 2433 1436 2536 catalla,
1476 2453 1652 2539 quaeest
1687 2427 1857 2519 flosculis
1887 2443 2039 2524 tubulo-

691 2543 739 2633 fls
766 2549 1022 2634 confimilibus
1038 2546 1212 2651 constat3
1239 2546 1388 2631 &ideo
1409 2544 1579 2653 tubulosa
1607 2546 1686 2666 vel·
1702 2545 1877 2628 tabulata
1896 2550 2040 2654 unifor-

688 2663 769 2741 mis
796 2656 879 2766 (ἱ)
906 2659 1068 2761 dicitur,
1096 2679 1118 2738 a
1146 2657 1302 2759 reliquis
1329 2654 1546 2761 discrepat,
1576 2675 1622 2736 ac
1652 2654 1840 2756 ejusmodi
1868 2655 2045 2764 configu-

697 2769 886 2848 rationem
925 2767 1156 2870 plerumque
1190 2765 1355 2846 Plantae
1388 2763 1587 2872 Capitataa
1638 2757 1814 2844 ROYE
1827 2760 1905 2845 NI
1944 2767 2045 2850 obti-

543 2965 553 3000 ι
700 2891 820 2973 nent,
848 2872 929 2954 vid.
958 2872 1047 2980 Cap.
1076 2867 1222 2956 XXIII.
1250 2873 1296 2952 de
1325 2871 1456 2952 otaliaa
1473 2869 1650 2976 fecunda.

753 2979 819 3063 En
870 2979 1172 3062 Centaurearam
1210 2975 1435 3061 definitione
1476 3001 1604 3062 tamen
1641 2975 1853 3081 videmus,
1886 2981 2045 3064 LIN-

698 3087 956 3180 NAEUM
991 3091 1105 3170 talem
1142 3089 1344 3170 Corollam
1383 3086 1597 3170 tabulatam
1636 3086 1837 3194 distamen
1874 3113 2041 3191 vocare3

703 3199 798 3285 dum
826 3199 975 3280 flosculi
1001 3201 1042 3279 in
1069 3195 1185 3304 Disco
1218 3198 1397 3290 lacinias,
1435 3197 1676 3301 longitudine
1716 3199 1912 3304 aequales,
1952 3199 2043 3280 flos·

704 3311 782 3390 culi
807 3326 936 3388 autem
969 3303 1009 3386 in
1046 3303 1176 3388 Radia
1204 3307 1356 3386 lacinias
1381 3305 1589 3385 limborum
1630 3305 1866 3405 inaequaliter
1906 3306 2044 3390 divisas

700 3415 871 3516 habent,
898 3411 966 3495 seu
1002 3437 1164 3496 numero
1194 3411 1419 3522 discrepant.
1476 3411 1540 3516 Sic
1569 3412 1654 3494 duae
1684 3410 1939 3497 flosculorum
1959 3415 2045 3520 spe·

699 3527 782 3610 cies
809 3520 985 3606 corollam
1016 3521 1245 3631 campafitam
1273 3541 1388 3628 atque
1415 3521 1516 3606 adeo
1544 3517 1753 3628 dapbrmem
1784 3521 2041 3606 constituunt:

697 3632 808 3726 Inter
844 3631 1077 3713 Centaureos
1104 3649 1234 3712 tamen
1262 3632 1551 3731 inveniuntur,
1581 3653 1739 3736 quatum
1765 3627 1916 3714 flosculi
1946 3657 2043 3712 neu·

584 3837 585 3840 q
698 3745 747 3826 tri
775 3743 816 3823 in
843 3740 947 3822 radio
977 3737 1157 3836 laciniis,
1194 3741 1386 3843 aequaliter
1411 3740 1571 3844 longis,
1602 3738 1799 3845 gaudent,
1829 3740 1931 3823 unde
1959 3741 2042 3824 haec

692 3847 876 3940 definitio
907 3849 1086 3929 omnibus
1118 3846 1232 3950 hujus
1262 3850 1414 3950 generis
1438 3845 1636 3948 speciebus
1663 3869 1744 3924 non
1772 3847 1858 3926 satis
1893 3849 2045 3931 videtur

696 3959 920 4041 convenire.
979 3955 1024 4035 ln
1053 3954 1156 4048 atad
1181 3953 1309 4059 specie
1337 3952 1577 4036 ROYEN
1592 3954 1641 4055 Ι,
1681 3975 1704 4032 e
1735 3977 1810 4055 qua
1837 3957 1918 4038 hacc
1950 3956 2047 4040 defl·

693 4069 792 4160 uitio
833 4059 1021 4168 diffamia
1069 4061 1227 4142 corollae
1265 4061 1477 4254 caltppofitae
1522 4059 1695 4142 desumta
1737 4059 1814 4142 else
1853 4065 2006 4147 videtur
2028 4126 2049 4165 ‚‚
2104 4050 2109 4063 ¹

694 4169 877 4260 flosculos
914 4167 1125 4257 secundum
1165 4168 1291 4253 LIN
1358 4167 1561 4252 AEUM
1599 4170 1666 4250 tali
1704 4171 1824 4253 modo
1855 4173 1959 4278 quast
1987 4172 2049 4256 fa-

1862 4367 1866 4374 .
1924 4285 2053 4383 britte

735 4501 798 4580 (e)
822 4497 916 4566 Tan.
942 4519 971 4565 r.
996 4499 1038 4564 ll.
1061 4495 1117 4582 fig.
1141 4513 1196 4567 tn.
1430 4497 1496 4579 (b)
1520 4491 1616 4564 Tau.
1641 4501 1751 4584 3.·fig.
1776 4513 1826 4576 ις.

734 4583 796 4661 (f)
818 4580 853 4646 Τ
856 4602 912 4647 as.
937 4581 967 4647 8.
992 4583 1046 4667 fig.
1070 4600 1101 4645 a·
1432 4584 1489 4665 (i)
1514 4581 1607 4654 Tau.
1632 4598 1661 4648 ι.
1689 4583 1736 4649 Α.
1757 4581 1811 4666 fig.
1835 4593 1871 4668 ἶ,

731 4667 795 4764 (g)
820 4663 896 4735 Ibid.
919 4667 973 4754 flq.
1001 4685 1032 4738 ι.
