4794 6156
677 561 739 656 34
976 535 1073 628 oo
1133 535 1395 626 cnorce
1448 539 1766 666 euocato

683 737 770 824 thio
787 729 932 818 referre
981 737 1128 834 laceat,
1156 731 1314 836 perinde
1332 736 1431 838 erit,
1460 737 1676 826 dummodo
1695 745 2031 858 concedat,'ea1n

686 867 824 932 verum
850 837 927 924 elle
952 759 1106 925 flosculi
1134 844 1459 946 receptaculum,
1499 850 1539 930 dc
1570 875 1623 933 eo
1646 853 1757 938 sensu
1782 861 1917 968 colycis
1937 884 2036 976 pro·

677 955 766 1148 tlt
782 951 1123 1142 tortorio
1136 971 1462 1164 riallon,
1470 981 1550 1146 rr
1559 962 2032 1186 assotians

687 1167 882 1268 dicend03
902 1113 1061 1278 semin’is
1079 1192 1256 1250 coronam
1281 1167 1443 1276 calyculo
1462 1175 1681 1260 adhaerere.
1711 1179 1814 1264 Phil.
1833 1185 1923 1272 Boi.
1935 1207 2029 1298 pag.

689 1303 756 1386 54.
783 1275 893 1361 Nam
924 1294 1025 1359 certe
1055 1276 1158 1358 aliud
1180 1273 1244 1358 hle
1273 1273 1332 1358 est
1359 1303 1524 1384 corono,
1552 1285 1653 1367 aliud
1671 1287 1893 1397 Colyculus,
1922 1301 2031 1403 quod

690 1390 811 1496 magis
841 1384 969 1468 adhuc
999 1381 1244 1466 confirmatur
1280 1386 1321 1466 in
1353 1383 1537 1494 Calyculis
1554 1397 1726 1502 propriis
1753 1404 1817 1481 vel
1846 1411 2035 1494 coronulis

680 1493 848 1609 poppofis
866 1490 991 1601 stipite
1022 1493 1215 1595 elevatis,
1254 1494 1348 1574 dum
1374 1495 1439 1578 hic
1469 1495 1582 1604 stipes
1609 1526 1793 1587 coronam
1821 1514 2032 1618 pappolum

688 1599 837 1711 separat
863 1627 885 1683 e
914 1603 1127 1703 calyculo,
1164 1605 1203 1682 in
1231 1599 1384 1684 seminis
1414 1607 1523 1711 apice
1552 1631 1744 1695 crescente
1776 1615 1890 1728 (e):
1919 1623 2031 1710 Haec

687 1735 787 1796 vero
805 1710 991 1814 separatio
1019 1706 1065 1790 fit
1082 1706 1172 1813 post
1191 1705 1525 1797 dellorescentiam
1547 1713 1826 1832 flosculorum,
1856 1735 1924 1834 qui
1952 1757 2032 1818 cer·

693 1819 829 1904 tillrrne
858 1821 898 1900 in
926 1813 1108 1900 florendo
1136 1841 1306 1900 coronae
1333 1821 1525 1926 papposae
1553 1825 1771 1914 adhaerent.
1942 1849 1944 1854 ’

747 1923 809 2010 Ea
840 1930 952 2035 igitur
979 1929 1108 2008 omnia
1135 1924 1166 2006 fi
1193 1925 1294 2010 reite
1325 1929 1635 2039 confideremus,
1673 1935 1908 2044 monstrant,
1938 1947 2033 2054 quid

689 2031 737 2122 l'rt
764 2033 873 2142 calyx
903 2037 1083 2144 proprius
1101 2059 1116 2114 .·
1153 2031 1275 2117 Unde
1312 2038 1417 2120 enirn
1453 2045 1723 2148 corpusculum
1765 2054 1962 2154 quoddam
1990 2064 2033 2144 in

687 2143 1281 2337 id⁰d⁵lldtrl¹lllll¹¹li
1303 2148 1481 2358 illia
1495 2149 2033 2375 liliilrdlldlri·

690 2276 892 2462 cunffdati,
921 2375 1038 2462 atque
1062 2360 1105 2437 in
1131 2355 1216 2461 ejus
1244 2377 1418 2444 centrum
1446 2366 1591 2471 recipi,
1619 2369 1750 2474 ibique
1778 2397 1949 2464 crescere
1966 2383 2034 2468 de·

690 2463 927 2560 monstravi:
965 2465 1082 2548 Hanc
1111 2465 1164 2545 ob
1187 2463 1355 2550 caullatn
1387 2467 1418 2549 sr
1447 2465 1633 2554 flosctdus
1664 2501 1879 2589 apapp0‚
1917 2495 1980 2575 uel
2009 2519 2032 2578 a

686 2574 857 2681 foliolis,
879 2595 947 2658 asrt
964 2598 987 2656 a
1005 2571 1143 2680 spinis,
1165 2593 1211 2656 ut
1230 2577 1271 2656 in
1294 2575 1434 2680 Caico,
1454 2582 1694 2686 involvitur,
1711 2609 1760 2670 ea
1777 2603 2034 2705 congeriem

690 2683 804 2790 cuius
831 2703 967 2768 centro
995 2681 1182 2765 flosculus
1210 2681 1350 2792 surgit,
1380 2711 1519 2772 oerum
1546 2690 1705 2802 colytum
1724 2705 1930 2812 proprium
1957 2708 2038 2797 for·

687 2809 797 2895 met,
826 2794 984 2876 nomine
1011 2787 1259 2876 solummodo
1286 2796 1513 2884 variantem.

886 3368 1840 3500 cnsurocsnvun,

1001 3681 1004 3689 ¹
1034 3619 1041 3635 ⁸
1109 3645 1178 3738 Da
1224 3647 1379 3740 Corollo
1412 3593 1625 3772 composito.

690 3942 692 3948 ’
787 3941 927 4047 orello,
956 3936 1075 4024 Liber
1102 3939 1299 4045 Plantae,
1342 3945 1384 4027 in
1401 3947 1502 4053 flore
1526 3953 1709 4060 praesens
1745 3955 1771 4067 (
1782 3955 1901 4047 Lino.
1929 3963 2034 4056 Phil·

817 4053 904 4135 But.
923 4063 1016 4156 pag.
1048 4044 1146 4155 52.)
1185 4073 1302 4150 quam
1337 4055 1400 4134 alii
1437 4081 1631 4140 vocarunt
1659 4062 1860 4170 Paulum,
1891 4077 1931 4158 in
1958 4081 2031 4162 hac

689 4153 817 4238 Clalse
842 4155 894 4238 ob
922 4155 1100 4237 eamdent
1132 4159 1322 4240 rationem
1352 4163 1556 4272 aproprid
1586 4165 1860 4283 distinguitur,
1891 4209 1935 4268 ac
1959 4187 2036 4270 Co·

683 4263 752 4370 (yx
776 4264 983 4348 communis
1008 4287 1031 4346 a
1059 4261 1273 4374 Colyculo,
1307 4274 1507 4380 proprium
1542 4271 1751 4366 flosculum
1788 4285 2028 4398 sustinente,

1931 4425 2038 4511 quo,

728 4585 796 4674 Ie)
817 4585 915 4660 Tar.
936 4583 968 4657 6.
991 4586 1101 4678 finos
1170 4709 1172 4712 Ι
