4802 6164
621 450 626 458 ’
694 497 758 626 qa
813 493 910 590 na·
930 494 1242 588 samaram
1268 495 1601 621 aerumpna
1627 503 1994 618 nracrrnrnu.
2095 471 2099 477 ’

695 689 1082 883 ‚eorumdspfieciebaa
1107 688 1239 778 senten
1262 687 1358 804 (a)
1386 692 1442 781 est
1466 702 1677 792 rotundum
1704 709 1743 797 a
1773 716 1886 804 valde
1902 725 2064 828 planum

696 865 703 878 .
737 805 832 887 ‘bbis
889 802 1057 885 eciem.
1144 856 1146 861 ·
2043 867 2050 878 ·

710 828 747 1006 9
766 911 935 1004 Laiiaca
953 908 1135 1010 producit
1152 907 1297 994 semina
1314 913 1536 1025 conpressa,
1566 933 1937 1020 ovato-acuminata
1958 943 2066 1058 (ως

555 1049 559 1054 ·
710 1017 875 1118 idest,
913 1041 1035 1121 quum
1071 1017 1203 1102 semen
1246 1022 1326 1104 duo
1364 1027 1483 1108 latera
1519 1033 1560 1114 in
1586 1035 1786 1135 planitiem
1815 1045 1922 1146 quafi
1953 1079 2061 1138 corn·

707 1127 830 1234 prelia
861 1141 995 1226 tenet,
1024 1129 1141 1211 altera
1169 1150 1301 1213 autem
1330 1131 1370 1214 se
1398 1157 1512 1220 acute
1539 1145 1795 1249 extendunt,
1822 1150 2062 1269 figuramque

710 1235 883 1319 sonnant
912 1253 1094 1341 enatam,
1122 1237 1274 1326 inferne
1304 1267 1350 1324 ae
1378 1241 1612 1350 supernam
1650 1253 1733 1336 duo
1763 1267 1938 1349 acumina
1966 1271 2061 1382 (p)

706 1349 951 1428 abeuntem:
998 1343 1106 1431 Hinc
1135 1350 1228 1431 illud
1255 1348 1386 1432 semen
1423 1345 1646 1441 describitur
1671 1372 1966 1479 acuminatum
1994 1384 2062 1467 sed

707 1455 850 1538 aestiua
879 1457 918 1538 ei
949 1453 1030 1536 dari
1057 1453 1185 1562 pollet
1211 1460 1414 1562 epitheton
1443 1465 1595 1574 oblongo
1625 1479 1867 1583 rotundum,
1897 1485 2059 1593 planum

711 1585 830 1670 quam
860 1574 1046 1754 avafiurn,
1064 1565 1135 1650 ubi
1156 1591 1249 1650 cum
1268 1568 1393 1673 stipite
1415 1569 1510 1674 suo,
1536 1601 1713 1684 pappum
1729 1579 1939 1694 simplicem
1957 1597 2063 1686 susti

706 1695 851 1774 nente,
882 1697 931 1753 ex
966 1697 1016 1755 at.
1609 1713 1612 1719 ·

758 1775 796 1864 E
822 1783 1126 1866 Centaurearum
1154 1808 1295 1892 genere
1315 1787 1457 1872 iterum
1485 1817 1670 1903 propono
1700 1799 1832 1890 semen
1872 1811 2055 1903 Centaur.

700 1921 748 1975 ·1..
785 1889 885 1995 Ray.
923 1889 1043 1974 Prud.
1072 1909 1181 2000 pag.·
1210 1899 1298 1996 138.
1326 1894 1423 2008 (r)
1446 1905 1559 2007 quod
1582 1911 1623 1992 in
1650 1907 1716 1993 sua
1745 1920 1961 2022 peripheria
2003 1927 2059 2009 est
2185 1933 2186 1936 ‘

656 2083 661 2097 ,
693 2001 954 2102 rotundum,
984 2002 1189 2108 glabrum,
1228 2008 1339 2088 nullis
1370 2014 1518 2114 angulis
1542 2019 1796 2128 praeditum,
1834 2025 1902 2114 sed
1929 2036 2060 2120 versus

707 2109 815 2194 suam
852 2130 1042 2193 coronam
1078 2112 1328 2217 pappolum,
1366 2119 1581 2232 radiatam,
1621 2131 1780 2217 villosus
1818 2137 1966 2226 habens
2002 2149 2060 2251 pi·

691 2219 774 2304 los.
1242 2307 1244 2312 ,
1412 2309 1413 2314 a

760 2323 937 2435 Wllusum
956 2345 1024 2408 aut
1033 2323 1154 2436 flocco
1174 2327 1390 2438 instruilum
1418 2335 1558 2426 dicitur
1575 2343 1706 2432 semen
1735 2352 1954 2444 Achillaeaa
1979 2361 2059 2475 (s),

702 2440 744 2524 δι
772 2451 943 2520 ovatum.
999 2433 1214 2522 perfectam
1252 2439 1341 2527 sane
1377 2445 1500 2532 refert
1529 2459 1596 2536 ovi
1632 2458 1823 2564 fonnam3
1854 2492 2056 2570 praeterea

701 2539 817 2629 instar
846 2542 1069 2667 Nymphae
1098 2551 1305 2654 papilionis
1340 2557 1381 2638 in
1408 2557 1476 2640 sua
1506 2563 1690 2672 lanugine
1727 2571 1977 2683 involvitur,
2016 2583 2058 2664 id

702 2654 957 2761 quodetiam
985 2651 1073 2735 fien
1101 2657 1281 2744 videmus
1305 2667 1347 2746 in
1378 2664 1519 2750 semine
1546 2671 1843 2764 Tarchonemhi.

761 2758 1002 2870 Osteosparmi
1030 2762 1187 2868 semen,
1212 2773 1322 2875 quod
1346 2772 1425 2876 jam
1447 2781 1593 2879 partim
1635 2783 1812 2890 descripsr
1840 2793 1937 2898 Cap.
1965 2795 2056 2883 XV.

693 2873 926 2976 exemplum
952 2867 1009 2951 est
1038 2871 1214 2974 perfecte·
1243 2879 1389 2984 globosi
1420 2881 1571 2968 seminis
1596 2888 1685 3001 (t)
1709 2954 1723 2994 ,
1752 2895 1862 3000 cujus
1891 2903 2057 3014 descrip-

702 2986 760 3070 tio
798 2983 912 3062 datur
953 2982 994 3060 in
1020 2977 1139 3066 Lina.
1169 2985 1264 3071 Gen.
1294 2985 1422 3072 Plant.
1441 3009 1536 3101 pag.
1567 3021 1659 3104 395.
1689 3005 1953 3117 induratum,
1983 3043 2053 3108 nu·

694 3092 822 3176 alcuin
854 3084 1081 3196 confitrmem
1107 3091 1312 3178 includens.

691 3241 694 3251 ·
758 3202 833 3284 Uti
860 3194 991 3280 aut‘em
1027 3201 1151 3285 modo
1186 3202 1332 3287 ditium
1358 3206 1492 3293 semen
1522 3215 1563 3298 δι
1593 3220 1663 3300 alia
1693 3244 1856 3328 propter
1879 3239 2054 3320 rotundi-

704 3326 826 3396 tatem
857 3311 897 3392 &
936 3305 1136 3393 crassitiem
1165 3314 1267 3395 inter
1295 3312 1335 3396 se
1375 3319 1597 3429 differunt,
1625 3328 1678 3411 fic
1709 3339 1945 3426 tenuitas&
1977 3349 2057 3428 lon-

696 3421 840 3529 gitudo
868 3415 1021 3498 seminis
1056 3421 1099 3502 in
1138 3419 1275 3527 Tagete
1303 3421 1397 3534 (u)
1427 3435 1640 3517 maximum
1675 3439 1875 3530 discrimen
1915 3449 2054 3538 facita

701 3528 865 3612 caeteris
903 3524 1209 3632 compositorum
1257 3527 1402 3617 florum
1450 3538 1672 3630 seminibus.
1755 3552 1864 3638 Hinc
1902 3559 2056 3668 Tagetes

703 3636 929 3739 exemplum
969 3635 1130 3724 exhibet
1164 3637 1316 3722 seminis
1336 3651 1500 3754 perseiie
1530 3651 1686 3740 linearis
1718 3665 1905 3776 compreffl
1969 3671 2056 3780 v),

700 3746 879 3831 coronati
907 3766 980 3848 pro
1009 3747 1064 3828 rio
1100 3750 1280 3852 calyculo
1310 3775 1334 3831 e
1363 3758 1535 3862 quinque
1554 3760 1695 3848 foliolis
1714 3769 1907 3874 paleaeeis
1963 3781 2054 3891 ru),

701 3879 802 3962 quae
838 3850 941 3935 LlN
993 3851 1111 3940 AEO
1152 3860 1331 3943 dicuntur
1364 3863 1545 3969 squamae
1574 3875 1749 3982 erasae,
1789 3889 2053 3997 erpantalae,
