4802 6164
723 473 787 564 aa
826 452 928 556 sua
955 461 1275 566 summam
1298 460 1631 577 EORUMQUE
1658 462 2016 560 praearmare.
2169 437 2173 442 ’

732 667 895 765 dicitut;
924 661 972 746 In
999 659 1218 742 summitate
1258 652 1315 739 est
1340 681 1485 742 comna
1511 655 1662 764 spinosa
1690 655 1807 768 (ri),
1837 681 1860 742 e
1887 663 2022 746 multis
2047 685 2088 748 a·

717 781 856 870 ,ctdeis
886 765 1117 856 constructa.
1172 765 1266 848 Hoc
1293 767 1410 871 patto
1439 767 1518 851 sese
1549 769 1697 855 habent
1722 771 1762 850 in
1790 771 1868 853 hoc
1904 764 2007 854 flore
2026 774 2088 881 se·

732 891 840 970 mirra
865 879 1022 965 Rodii:
1048 876 1108 958 illa
1134 899 1252 977 vero,
1280 899 1381 980 quae
1412 873 1570 984 Discum
1601 897 1820 981 occupant,
1849 883 1978 962 multo
1997 879 2088 966 sunt

731 996 909 1079 breviora
937 983 1052 1097 (a),
1082 983 1177 1066 dum
1208 1007 1347 1066 eorum
1375 985 1603 1092 magnitudo
1632 985 1764 1070 versus
1789 1008 1965 1074 centrum
1993 989 2086 1076 Dis·

732 1106 770 1187 ci
795 1097 931 1184 senstm
958 1093 1166 1197 decrescit,
1193 1114 1388 1200 praeterea
1414 1098 1561 1196 nullas,
1591 1115 1658 1178 aut
1687 1093 1820 1178 saltem
1857 1097 2087 1183 breviffimas

730 1213 876 1296 habent
906 1208 1015 1308 alas,
1058 1207 1098 1288 δι
1138 1225 1310 1285 coronae
1348 1204 1495 1290 ,minori
1534 1207 1757 1286 aculeorum
1792 1228 1959 1288 numero
1999 1208 2087 1292 sunt

762 1319 956 1417 raeditae,
985 1316 1129 1419 quippe
1159 1330 1204 1394 ut
1229 1312 1436 1418 plurimum
1463 1335 1486 1392 e
1514 1315 1685 1420 quinque
1705 1315 1768 1396 vel
1795 1311 1862 1396 serr
1886 1313 1972 1398 setis
1990 1341 2084 1402 con·
2176 1359 2182 1370 ·

728 1347 886 1512 Rantes.
945 1425 1009 1508 Sic
1037 1419 1163 1531 figura
1195 1423 1236 1504 &
1274 1420 1498 1526 magnitudo
1529 1423 1629 1503 inter
1658 1421 1782 1504 Rodii
1807 1424 1848 1507 ἃ
1883 1421 1997 1530 Disci
2025 1423 2084 1510 se·

729 1541 835 1622 mina
867 1532 1072 1618 discrimen
1095 1525 1270 1634 faciunt,
1300 1527 1550 1634 quodetiam
1578 1531 1715 1614 clarius
1745 1533 1786 1612 iu
1815 1533 1982 1617 radiarit
2010 1527 2085 1620 tlo·
2136 1559 2140 1566 ·

734 1649 840 1730 ribus
865 1664 1071 1747 exponam.
1603 1694 1606 1700 ι

789 1752 904 1838 Anac
928 1749 1005 1832 clas
1039 1773 1071 1830 1.
1103 1743 1200 1850 Ray.
1230 1746 1351 1830 Prod.
1370 1760 1463 1858 pag.
1499 1771 1587 1854 171.
1618 1751 1659 1832 in
1687 1746 1806 1835 Disco
1832 1751 2014 1856 producit
2031 1749 2087 1837 se·

731 1865 836 1947 mina
864 1778 947 2049 (st
977 1882 999 1940 e
1025 1854 1197 1938 flosculis
1219 1855 1562 1960 hermaphroditis,
1592 1862 1754 1943 omnino
1786 1883 1809 1942 a
1845 1857 1999 1944 feminis
2028 1863 2084 1946 di·

732 1969 854 2056 versa.
937 1989 1049 2050 orum
1077 1962 1205 2046 forma
1232 1962 1288 2046 est
1319 1967 1513 2073 oblonga,
1541 1972 1744 2074 paululum
1773 1967 2014 2073 compressa,
2043 1973 2082 2056 dt

729 2082 842 2164 lentis
869 2099 947 2181 ope
976 2094 1129 2157 utentes
1165 2071 1412 2180 perspicimus
1445 2076 1570 2158 cuivis
1605 2075 1739 2160 semini
1782 2075 1910 2162 adesse
1953 2081 2084 2163 utrim-

731 2212 809 2296 que
840 2182 935 2271 duas
962 2183 1241 2265 membranulas
1270 2181 1390 2293 (g),
1414 2198 1519 2288 ‘quae
1546 2206 1618 2289 per
1637 2184 1921 2295 longitudinem
1949 2187 2084 2272 decut-

731 2315 860 2380 rentes
891 2289 1069 2378 desinunt
1106 2292 1147 2372 in
1182 2295 1461 2393 corpusculum
1500 2289 1714 2377 rotundum
1753 2291 1881 2403 (h),
1910 2296 2019 2402 quod
2044 2299 2084 2380 in

729 2404 896 2490 seminis·
913 2401 1129 2483 summitate
1155 2395 1340 2502 pistillum
1369 2396 1574 2484 sustinuit:
1615 2403 1693 2488 hoc
1722 2401 1853 2486 semen
1893 2429 2024 2488 autem
2060 2430 2083 2487 a

722 2511 883 2625 feminei
909 2509 1013 2594 floris
1040 2507 1186 2591 semine
1213 2512 1379 2592 maxinm
1408 2509 1538 2592 differt
1562 2511 1601 2591 in
1629 2533 1711 2613 eo,
1750 2511 1858 2613 quod
1891 2515 2084 2596 membra·

730 2647 830 2728 nae,
855 2623 896 2705 iu
924 2617 1244 2728 hermaphroditis
1270 2642 1352 2700 non
1371 2617 1441 2700 nist
1468 2617 1676 2724 adJ'uvante
1695 2620 1806 2704 lentis
1828 2621 1978 2702 lumine
1996 2643 2084 2728 per·

729 2731 909 2839 spicuae,
934 2730 975 2809 in
998 2723 1155 2831 faminis
1181 2725 1255 2808 smt
1282 2744 1437 2829 tantae,
1467 2744 1512 2808 ut
1538 2730 1579 2812 in
1609 2727 1850 2810 latitudinem
1875 2728 2082 2835 extensae,

733 2845 775 2926 dt
799 2837 891 2921 hinc
919 2833 1072 2919 alarum
1098 2837 1257 2919 nomine
1281 2833 1508 2941 insignitae,
1544 2835 1660 2918 nudis
1688 2833 1917 2942 detegantur
1951 2841 2082 2922 oculis.

732 2945 848 3036 Hanc
871 2946 923 3029 ob
932 2939 1096 3028 caussam
1107 2947 1145 3028 in
1156 2939 1277 3026 Lina
1298 2941 1393 3026 Gen.
1415 2942 1546 3025 Plani.
1589 2966 1650 3048 ag.
1663 2943 1755 3049 381.
1776 2943 1979 3050 descriptio
1999 2944 2110 3052 dut„
2137 2979 2141 2986 ·

734 3057 847 3144 datur
874 3055 933 3138 his
963 3054 1114 3138 verbis:
1144 3049 1340 3158 oblongum
1367 3047 1435 3135 ald
1457 2959 1656 3162 larrffiend,
1685 3055 1878 3160 utrimque
1898 3057 2085 3140 mambra-

730 3190 915 3268 naccum,
941 3163 1047 3272 apice
1065 3160 1359 3266 emarginatum.
1414 3157 1498 3260 Ea,
1526 3183 1628 3264 quae
1646 3163 1709 3246 hic
1734 3180 1894 3246 uotattu
1912 3168 1968 3248 ala
1996 3161 2082 3272 (i),

731 3275 894 3386 figmam
915 3271 1035 3356 habet
1062 3271 1285 3374 cordatam,
1315 3271 1380 3372 dt,
1409 3267 1520 3374 quod
1549 3268 1638 3353 sane
1666 3269 1924 3356 attentionem
1958 3297 2082 3355 mere·

731 3407 822 3490 tur,
853 3380 986 3464 semen·
1012 3378 1105 3490 (k)
1132 3379 1174 3463 in
1202 3379 1288 3482 illa,
1319 3397 1501 3484 tanquam
1520 3379 1562 3462 in
1592 3382 1753 3485 proprio
1783 3378 1954 3465 servatur
1982 3385 2081 3489 peri·

730 3495 898 3601 carpio,
942 3487 1015 3572 nist
1041 3495 1127 3596 quis
1161 3489 1262 3572 hanc
1293 3491 1394 3570 alam
1420 3487 1518 3571 velit
1552 3487 1791 3574 consrderare
1819 3510 1867 3573 ut
1891 3492 2078 3598 paleam,
2136 3537 2140 3550 ·

568 3655 572 3664 ·
624 3689 627 3696 ,
729 3600 838 3689 unde
863 3596 996 3682 semen
1022 3595 1174 3681 facilem
1209 3599 1250 3678 in
1278 3596 1445 3696 modum,
1467 3592 1524 3677 est
1549 3595 1789 3702 separabile,
1825 3599 1865 3682 id
1888 3599 1994 3704 quod
2024 3602 2080 3681 ni·

730 3715 877 3824 gricans
905 3705 1058 3792 seminis
1084 3709 1195 3791 color
1221 3701 1305 3815 (l)
1332 3706 1436 3788 ultro
1466 3699 1653 3803 ostendit3
1685 3705 1779 3789 dum
1801 3710 1860 3790 ala
1879 3731 1998 3817 porro
2026 3703 2083 3791 se·

731 3823 827 3914 mini
854 3835 1006 3901 tantum
1035 3835 1080 3899 ut
1108 3812 1260 3921 capsula
1286 3811 1457 3896 inservit.
2063 3906 2065 3915 ¹

795 3927 843 4016 ln
870 3923 1125 4038 Baphrhalmi
1164 3923 1265 4010 flore
1301 3921 1400 4008 haec
1437 3919 1624 4008 seminum
1664 3921 1722 4010 ala
1754 3925 2081 4025 membranacea3

1953 4059 2081 4146 ‘luam'

1495 4250 1540 4332 b)
1564 4249 1644 4317 ibid.
1667 4247 1701 4314 b.

1496 4335 1534 4416 ι’)
1558 4332 1640 4400 lbid.
1663 4333 1719 4422 fig.
1744 4351 1795 4424 35.
1818 4335 1870 4403 bb.

1525 4421 1540 4498 )
1564 4415 1641 4483 ibid.
1664 4435 1693 4484 a.

1495 4497 1529 4582 i)
1552 4498 1632 4566 ibid.
1653 4519 1685 4567 c.

776 4258 843 4344 (a)
867 4255 951 4354 rsit.
971 4275 999 4319 ι.
1472 4249 1489 4332 (

771 4507 839 4599 (ε)
861 4499 943 4576 tut·
987 4515 1019 4582 s·
1042 4514 1094 4582 ea·
1115 4515 1160 4567 a.
1472 4499 1490 4584 (
