4802 6164
656 493 715 611 '70
933 473 1046 560 DE
1129 465 1746 562 PERICARPIO.

660 697 822 788 quoque
859 668 1005 760 nalum
1039 689 1177 754 aarum
1194 664 1457 776 pericaapium
1485 661 1613 752 adeffe
1643 663 1817 775 dicitur,
1854 667 1942 756 licet
1973 676 2016 764 ia

661 787 887 901 quibusdam
914 776 1009 885 adsta
1036 771 1161 881 crusta
1188 775 1372 858 coriacea.

719 887 1048 1005 Quandoquidem
1073 905 1206 968 autem
1234 883 1344 993 calyx
1375 885 1582 969 communis
1610 887 1807 994 pericarpii
1844 893 2018 984 officium

664 1005 874 1092 seminibus
903 993 1094 1103 praestat,
1122 995 1186 1079 hic
1211 1018 1286 1101 pro
1311 997 1510 1076 communi
1534 999 1749 1102 pericarpio
1771 1001 1937 1104 quadam
1959 1025 2018 1090 at·

665 1137 795 1202 tamen
824 1133 915 1192 curn
942 1104 1207 1204 limitatione,
1245 1127 1338 1187 meo
1368 1103 1526 1210 quidem
1551 1105 1743 1208 arbitrie,
1781 1105 1838 1190 est
1873 1110 2021 1200 haben-

666 1226 764 1324 dus,
820 1217 901 1303 uod
919 1233 964 1298 ut
993 1213 1133 1298 rectius
1153 1213 1390 1324 percipiatur
1421 1238 1444 1296 e
1475 1216 1766 1320 comparatione
1799 1243 1892 1301 cum
1921 1223 2019 1310 verli

665 1336 762 1417 alius
790 1245 939 1412 iiosculi
965 1327 1216 1432 pericarpio,
1252 1322 1477 1406 sententiam
1512 1345 1656 1449 meam·
1674 1320 1759 1406 sum
1797 1333 2021 1435 propositu-

666 1467 744 1528 rus.
806 1435 1004 1526 Huncin
1046 1431 1167 1516 finem
1204 1431 1430 1544 Hyoscyaml
1468 1433 1727 1542 pericarprum
1768 1433 1847 1520 hoc
1876 1437 2022 1531 intuitu

666 1551 869 1662 speciatim
899 1545 1200 1628 examinandum
1230 1545 1343 1652 elegi.
1613 1605 1617 1613 .

733 1659 828 1754 Hoc
846 1657 1101 1763 pericarpium
1120 1657 1160 1736 in
1183 1651 1299 1737 Lina.
1315 1651 1410 1735 Gen.
1427 1649 1558 1736 Plani.
1568 1665 1614 1762 p.
1626 1653 1690 1756 84.
1697 1648 1751 1735 fic
1773 1650 2019 1747 describitura

669 1767 821 1964 tall
846 1767 1136 1982 liliam
1166 1760 1496 1980 illiol'iillu‘
1521 1761 2025 1982 {lallanllllat’

671 1987 805 2072 talita
823 1980 1031 2090 dehiscente
1052 1989 1132 2074 &a
1155 1985 1233 2072 &a
1289 1979 1386 2063 Tale
1404 1931 1660 2086 pericarpium
1677 1983 1740 2066 vel
1760 1980 1911 2089 capsula
1932 2015 2028 2077 con·

659 2087 776 2182 ¹tinet
803 2092 928 2174 multa
954 2087 1097 2173 sem-ina
1131 2091 1350 2194 inaequalia.

682 2219 712 2270 ὀ
746 2203 795 2288 In
822 2199 1042 2284 summitate
1074 2198 1165 2325 diiii
1192 2199 1364 2326 operculi
1401 2194 1509 2326 iiilus
1545 2197 1642 2311 (a)
1676 2201 1861 2310 affigitur:
1900 2203 2026 2291 stami-

675 2310 849 2510 iiii.)
864 2327 1451 2525 ltillitltatllal
1469 2303 1560 2500 (eid
1586 2307 2027 2536 iuipiaiilliligit

673 2525 990 2745 iiiiii&
1013 2525 1167 2740 §iiiii
1181 2521 1457 2741 atrilii
1482 2526 2025 2744 ‘'alasitidttffl

733 2745 933 2856 Quoniam
969 2767 1103 2828 autem
1135 2749 1175 2828 in
1214 2741 1436 2851 componas
1471 2631 1608 2850 {anguli
1642 2744 1797 2830 flosculi
1831 2755 2029 2860 proprium

680 2857 795 2942 suum
820 2853 948 2939 semen
974 2851 1202 2961 proferunt,
1229 2853 1268 2934 δι
1298 2854 1503 2956 quodlibet
1530 2851 1602 2934 soli
1633 2851 1704 2936 suo
1732 2852 1847 2962 stilo,
1876 2881 1920 2946 ut
1950 2861 2029 2967 jam

679 2967 828 3076 saepius
857 2963 960 3066 dixi,
990 2960 1048 3046 est
1072 2959 1345 3068 suppositum,
1385 2984 1431 3043 ac
1458 2957 1601 3044 semina
1631 2964 1812 3072 deinceps
1839 2965 1917 3052 sola
1944 2967 2031 3054 sub·

680 3073 817 3160 srstunt
851 3096 982 3178 neque
1021 3071 1097 3155 ulli
1124 3069 1293 3178 praedita
1322 3067 1410 3151 sunt
1437 3068 1626 3174 capsula,
1664 3070 1770 3177 nist,
1806 3096 1852 3162 ut
1888 3078 2033 3166 LIN.

680 3181 919 3272 NAEUS
947 3184 1000 3265 ait
1026 3177 1154 3284 crastal
1175 3175 1377 3276 coriaceci3
1417 3178 1565 3262 idcirco
1595 3184 1744 3265 nullum
1779 3182 1906 3271 adeffe
1925 3191 2033 3299 peri·

681 3294 858 3404 carpium
885 3315 1026 3374 verum
1056 3287 1137 3390 est,
1166 3285 1197 3370 fi
1222 3288 1272 3371 ad
1300 3285 1426 3368 solum
1455 3285 1668 3396 spoliemus
1698 3288 1857 3398 semen,
1884 3322 2031 3401 pauco·

682 3427 772 3490 rum
799 3400 979 3503 tantiam,
1008 3398 1216 3510 Ecbiaopis
1239 3394 1461 3504 praesertim
1484 3395 1653 3506 semine,
1686 3399 1736 3485 de
1756 3427 1837 3512 quo
1859 3429 2032 3493 morac-

684 3530 796 3598 turus
820 3507 931 3615 sum,
958 3528 1140 3616 excepto.
1633 3593 1641 3612 ‚

737 3617 780 3703 Si
804 3643 903 3703 vero
922 3620 1185 3728 pericarpium
1213 3616 1308 3702 illud
1337 3641 1479 3726 corpus
1511 3613 1598 3725 est,
1638 3619 1747 3726 quod
1785 3647 1860 3708 ova
1897 3621 2033 3735 (quae

684 3729 873 3814 seminum
903 3724 960 3811 est
989 3727 1260 3810 denominatio
1288 3729 1327 3808 in
1345 3725 1462 3809 Lina.
1487 3726 1587 3811 Phil.
1620 3729 1708 3812 Bar.
1719 3747 1813 3840 pag.
1843 3735 1911 3841 88.
1939 3738 2033 3822 ibid.

676 3857 770 3954 pag.
800 3833 901 3946 93.)
939 3831 1137 3918 foecunda
1165 3835 1373 3941 producit,
1410 3858 1534 3939 eaque
1562 3849 1719 3920 matura
1749 3843 1915 3926 demittit
1942 3848 2037 3936 ibid.

680 3965 774 4060 pag.
805 3971 872 4053 53.
916 3963 1022 4032 certe
1062 3944 1336 4054 receptaculum
1376 3963 1559 4050 totusque
1587 3949 1701 4054 calyx
1739 3947 1817 4032 hoc
1856 3976 1957 4057 opus
1992 3961 2036 4042 iu

686 4055 912 4172 campestris
939 4053 1112 4142 efficiunt
1119 4081 1138 4158 ,·
1165 4053 1205 4137 δι
1234 4051 1287 4140 stc
1311 4055 1416 4164 apud
1444 4053 1701 4166 Malpighium
1735 4057 1824 4144 Via.
1854 4060 2037 4259 Cloio&

1458 4236 1461 4240 ’
2020 4240 2042 4287 5
