4794 6156
676 539 732 618 eo
912 474 1790 614 neutraliter.

678 775 713 832 „
740 726 943 826 tinuatur,
972 717 1118 804 restet:
1171 715 1288 802 Stilus
1317 714 1461 804 deiude
1489 717 1646 828 surgens
1672 722 1841 823 loc'um,
1876 725 1916 808 in
1935 725 2028 813 'hae

677 895 710 941 „
738 835 907 916 cavitate
935 853 1140 931 vacuum,
1170 847 1371 936 occupat,
1409 827 1601 932 suumque
1628 825 1766 939 stigma
1792 851 1865 934 per
1892 836 2027 918 anthe·

678 974 711 1050 ·‚,
739 965 862 1026 rarum
896 939 1114 1042 cylindrum
1148 939 1332 1046 paulatim
1358 933 1547 1045 profert,
1585 937 1714 1022 donec
1743 939 1822 1023 hoc
1864 941 1912 1025 ad
1947 949 2028 1052 api·

676 1113 709 1160 „
738 1076 805 1136 ces
832 1041 917 1156 (s)
944 1047 1114 1131 delatum
1146 1049 1186 1131 in
1222 1047 1453 1153 quibusdam
1485 1045 1646 1152 simplex
1674 1043 1765 1158 (g)
1790 1069 1958 1156 manet,
1985 1057 2025 1136 in

677 1222 709 1266 ‚‚
737 1161 927 1268 plerisque
953 1181 1053 1240 vero
1076 1156 1155 1240 sese
1183 1159 1223 1240 in
1249 1155 1348 1240 duas
1368 1154 1530 1264 seiungit
1556 1157 1748 1259 lacinias,
1787 1155 1880 1267 (l)
1923 1183 2025 1265 quae

680 1328 711 1372 ‚‚
740 1269 788 1350 ad
817 1263 1135 1350 foecundandum
1156 1290 1314 1375 germen
1329 1287 1482 1373 paraue
1508 1267 1551 1346 in
1575 1262 1644 1346 stili
1669 1263 1928 1350 summitatem
1968 1295 2025 1354 re-

543 1421 546 1429 ,
679 1439 709 1483 „
738 1375 948 1460 fleetuntur
975 1375 1010 1459 ”.
1049 1375 1139 1460 Hac
1168 1377 1316 1458 ratione
1350 1371 1455 1456 stilus
1496 1371 1721 1482 cylindrum
1755 1369 2025 1463 Autberururu

666 1480 1939 1702 ιιιιιειιθιιιιθ
1962 1484 2025 1679 tr

674 1706 846 1807 deutur,
877 1727 968 1784 eum
995 1705 1038 1784 in
1063 1700 1207 1806 finem,
1236 1721 1281 1784 ut
1305 1696 1443 1806 stigma
1471 1702 1721 1804 conceptioni
1747 1721 1922 1810 paratuum
1942 1724 2025 1788 tan·

678 1837 796 1920 quam
824 1815 962 1920 patulis
997 1810 1228 1915 reflexisque
1257 1809 1417 1892 brachiis
1453 1806 1554 1890 bafia
1581 1805 1675 1915 figat
1710 1811 1752 1892 in
1782 1812 2023 1897 antherarunr

676 1922 882 2031 apicibus,
922 1943 1023 2026 quae
1053 1938 1149 2002 tunc
1186 1915 1304 2000 etiam
1332 1916 1492 2022 iuvenili
1520 1919 1677 2025 pollinis
1712 1942 1802 2002 rore
1829 1922 2022 2025 praeditae

672 2030 916 2138 conjugalem
943 2028 1101 2112 flosculi
1129 2051 1302 2111 amorem
1337 2028 1508 2130 explent.
1574 2025 1689 2109 Hanc
1725 2031 1778 2112 ob
1818 2025 2021 2134 caulium,

596 2217 600 2222 .
671 2140 703 2224 st
732 2137 880 2228 scilicet
898 2135 1080 2246 pistillum
1108 2160 1200 2219 cum
1224 2136 1408 2218 Antheris
1446 2132 1728 2244 conjungitur,
1763 2135 1952 2224 flosculus
1981 2139 2027 2221 fi-

669 2273 723 2334 ve
771 2244 995 2353 ululastis,
1031 2244 1112 2329 srve
1148 2244 1373 2350 ligulutus,
1416 2243 1550 2326 hermu
1572 2245 1718 2329 broditr'
1762 2249 1921 2330 nomine
1960 2250 2031 2332 de‘·

671 2357 876 2468 signatum
906 2355 1080 2459 cylindro
1110 2372 1241 2438 autem
1277 2351 1486 2437 deficiente
1542 2355 1741 2456 emiueu53
1780 2353 1811 2438 fi
1844 2354 1925 2439 sola
1946 2352 2025 2442 stne

671 2465 812 2575 pistillo
845 2463 980 2548 adsunt
1011 2463 1197 2565 stamina,
1226 2460 1437 2571 masculum
1465 2463 1657 2546 ambobus
1683 2480 1817 2547 autem
1845 2463 2027 2550 deficien-

671 2577 774 2662 tibus
807 2588 939 2660 neuter
968 2589 1251 2762 nuanatur3
1281 2570 1386 2655 unde
1414 2569 1642 2654 Clarillrmus
1669 2571 2028 2658 LINNAEUS

676 2681 826 2768 diversa
852 2681 919 2766 sua
948 2684 1167 2792 componit
1194 2682 1389 2766 connubia
1416 2701 1533 2786 atque
1562 2681 1749 2784 ordines;
1779 2683 1820 2767 δι
1848 2684 2029 2768 Celeber-

676 2797 797 2876 rimus
827 2813 924 2874 unu
951 2788 1193 2876 ROYEN
1224 2793 1264 2872 in
1292 2789 1523 2872 disertiffimo
1546 2787 1616 2874 suu
1645 2789 1825 2876 Carmine
1851 2787 1902 2876 de
1931 2791 2030 2880 Cau

586 2959 591 2970 ·
686 2901 814 2990 nuliis
840 2896 1076 2986 Pleuratum
1105 2902 1158 2982 ita
1190 2902 1295 2982 uenit
1310 2915 1405 3008 pag.
1429 2919 1493 3000 ιγ.
1854 2935 1858 2944 ·

739 3115 1088 3312 Herm7m0ditua
1112 3139 1248 3202 areana
1271 3114 1442 3224 geminas
1469 3115 1511 3199 in
1536 3129 1688 3228 carpere
1719 3117 1842 3206 Sexus

799 3231 870 3316 Nu
883 3229 923 3314 lu
940 3227 1043 3336 foris
1069 3230 1222 3337 quaerit
1249 3227 1464 3327 cammada,
1495 3239 1590 3307 nuta
1617 3228 1750 3310 darni..

738 3333 834 3446 Ast,
862 3340 927 3422 ubi
955 3339 1127 3422 luxuries
1155 3337 1198 3418 r‘u
1226 3338 1383 3419 odarum
1405 3333 1543 3440 truufit
1569 3336 1775 3442 amilium,

675 3529 680 3537 .
796 3442 997 3556 Mascula,
1025 3471 1092 3530 ree
1122 3443 1297 3530 Thalami
1314 3439 1401 3558 spes
1420 3441 1540 3552 staprr
1564 3443 1643 3529 ulla
1670 3451 1789 3546 naui,

740 3555 930 3667 Nascitur
958 3553 1118 3660 infilix,
1145 3579 1213 3638 nec
1241 3555 1310 3638 uir
1334 3579 1402 3640 uec
1423 3549 1596 3660 seruire,
1625 3553 1858 3664 monstrum,

800 3665 1053 3794 opprobrium
1080 3665 1252 3748 dominae
1277 3661 1560 3772 ludibriumque
1576 3659 1685 3771 strae.

737 3775 916 3863 Stamina
943 3776 1198 3880 degenerant,
1228 3788 1444 3881 ueteresque
1469 3787 1586 3855 exuta
1604 3769 1793 3880 figuras,

793 3883 841 3970 lu
863 3879 986 3988 sterili
1003 3895 1154 4008 parunt
1171 3879 1280 3988 fiarle
1302 3899 1468 3990 perenne
1495 3882 1619 3966 alecus.

736 3989 946 4080 Immemor
977 3991 1066 4074 hrrrc
1086 3990 1246 4101 patriae
1261 3987 1406 4101 fiaboles
1436 3989 1602 4075 uirtutis
1627 3991 1774 4078 abortu

792 4103 853 4191 Er
872 4097 993 4214 spada
1013 4095 1219 4207 fhrluuaru
1248 4101 1392 4210 deperit
1418 4095 1493 4209 ipse
1508 4099 1640 4210 stram.

1954 4264 2038 4351 jam

721 4455 1103 4631 (dimum
1125 4557 1175 4608 m
1375 4455 1446 4542 (θ)
1468 4453 1546 4526 lbi&
1569 4455 1625 4544 θι·
1647 4473 1703 4546 aa·
1721 4457 1785 4530 kk·
1807 4457 1915 4545 au&
1939 4473 1992 4548 ιι
