1198 1538
347 129 391 153 '³44
503 123 559 149 ‘DE
601 122 874 148 ORDINIBUS·

380 173 508 201 Quantopere
522 172 566 192 hinc
585 170 720 197 exoptandum
734 169 804 196 foret,
823 172 864 192 irno
878 177 937 199 quam
950 173 1027 201 infignis

353 201 398 222 inde
413 200 529 221 redundaret
541 198 597 223 usus,
612 197 627 219 fi
641 198 696 224 quis,
711 202 741 219 tot
750 198 931 225 vigilantiffimorum
941 201 961 222 &
970 207 1028 227 quas.

352 229 383 248 vis
398 227 462 248 laudes
476 226 634 252 exsuperantium
648 225 742 245 Virorum
755 225 839 253 vestigiis
853 226 949 254 insistere,
963 234 986 249 ac
1001 229 1027 250 de

353 255 384 276 Re
399 254 495 276 Boram'ca
508 254 612 280 plurimum
631 258 711 279 quoque
729 253 799 273 mereri
814 254 894 280 cupiens
903 269 910 280 ‚
933 255 1030 277 Generum

354 282 412 302 etiam
426 282 445 302 in
459 281 496 302 hac
511 279 569 307 Claffe
582 279 722 301 distinffionem
731 293 739 304 ‚
756 286 803 301 cum
817 280 925 302 Plantamm
940 281 1029 303 Florum-

353 315 380 329 ve
395 309 478 335 genuina
491 308 558 329 indole
570 313 611 328 non
625 307 688 328 minus
696 313 816 337 emmam,
830 307 956 329 determinare
969 315 1028 331 cona.

353 341 405 357 retur
415 352 423 362 ‚
443 336 493 356 adeo
507 340 530 356 ut
548 333 593 361 post
610 335 692 359 genealo
705 340 745 355 reos
761 333 837 355 Indices
846 351 853 361 ‚
867 336 934 361 quales
946 336 985 357 Vir
998 338 1029 358 in-

353 363 488 390 comparabilis
501 361 691 383 BOERHAAV
728 361 753 382 de
767 361 856 389 Planus,
869 363 889 383 in
902 362 964 384 Horta
979 363 1027 391 Lay-

353 390 405 417 denfi
416 390 549 415 inveniendis,
564 389 664 415 exhibuit,
678 393 713 409 aut
726 388 815 415 qualibus
828 389 974 416 praestantiffimi
984 391 1028 412 Viri

350 417 505 439 vAlLLAN’r
515 423 538 438 ae
549 415 728 438 PONTEDERA
739 417 838 443 eminent,
847 417 1029 440 naturalemChara-

354 444 440 472 sterem,
455 445 489 472 qui
498 444 607 465 Plantarum
618 443 724 470 designaret
734 442 847 470 effendam,
861 445 1029 467 cemeredaretur.

382 472 415 493 Sic
428 472 509 493 tandem
527 471 632 497 aliquando
647 470 728 491 Batava
741 470 805 491 nostra
815 471 909 493 Mnerva
922 472 943 492 in
957 473 1028 494 celebri

354 499 402 525 suo,
417 500 436 521 δι
448 499 558 520 Academici
567 499 647 519 nomine
656 497 758 525 infignit0‚
773 497 876 524 Nemore,
891 499 946 525 quod
958 500 978 521 in
989 501 1030 521 dies

353 526 453 547 Botanicis
470 526 547 553 Opibus
566 530 679 546 accrescens
697 525 744 545 nulii
764 525 784 546 in
801 527 872 547 exteris
892 526 1012 554 Regionibus
1023 543 1030 553 ,

355 554 480 581 quantumvis
494 554 553 580 regali
562 566 570 577 ‚
583 553 653 577 cedit,
672 557 760 578 tempora
772 552 807 573 fibi
820 553 905 574 redimiet
915 554 983 581 Serto,
997 557 1029 576 cui

354 581 412 601 nullis
430 586 515 607 unquam
533 580 601 601 seculis
620 584 762 600 marcescentes
781 580 847 601 innexi
867 581 925 602 flores
940 583 1030 604 tenebras

354 607 458 629 effundent
476 608 515 628 aliis
531 607 616 628 Coronis
625 622 632 632 ‚
655 613 704 633 quae
719 613 760 627 non
779 613 842 634 aeque
856 614 905 629 vero
920 613 979 635 atque
993 610 1029 631 im-

354 635 431 656 mortaii
449 634 550 662 spiendore
568 635 660 656 intortam
677 639 810 660 errantemque
829 640 941 656 contexam
958 636 1031 658 habent

356 662 455 684 hederam.

383 689 438 710 Istud
453 696 479 711 ex
493 695 534 711 non
549 688 617 710 fuoeto
632 694 709 710 vovens
724 689 802 713 animo,
833 688 880 709 dum
896 689 920 709 ab
935 689 1031 711 indefeffis

354 716 423 738 nostris
436 718 457 737 in
471 717 502 738 Re
511 716 589 737 Medica
602 716 622 736 ὅτ
636 714 731 736 Batanicd
744 715 819 736 versatil
828 717 870 736 unis
882 715 1030 744 scrutatoribus,

355 749 465 770 eorumque
483 742 557 764 solertia
574 743 594 763 δι
608 742 708 769 sagacitate
724 742 770 763 nihil
788 748 831 763 non
846 743 867 764 δε
880 742 995 770 sperandum
1010 745 1030 766 δι

352 770 507 820 εκΓρεὲῗὶῃάωιι
520 767 593 797 datur)
607 770 632 791 ad
645 769 704 796 hujus
722 770 761 791 mei
775 770 911 798 qimiiscuuque
927 771 996 798 Operis
1010 771 1034 793 fi-

348 804 403 830 pem
453 804 493 820 mo.

938 1128 1037 1153 TABU÷
