4794 6156
906 463 1048 574 ‘osv
1118 457 1761 610 moesone&
1892 411 1912 499 ³

654 741 750 825 'cam
774 721 943 838 baburffe
972 715 1188 812 videantur
1211 715 1474 826 tnagisiram3
1518 729 1610 807 cum
1632 717 1804 830 alioquin
1832 722 1925 809 bine
1953 725 2015 818 dt.

572 841 574 848 ,
656 869 856 988 studentes
872 864 1185 978 absurditatibus
1204 860 1387 972 aperiunt
1409 859 1532 946 viam.
1597 916 1600 924 ·
2006 975 2012 984 ι

734 1007 856 1095 Nibil
869 1008 999 1113 itaque
1018 1003 1074 1086 ad
1089 1001 1179 1086 boni
1198 994 1419 1110 Sysiematis
1430 997 1704 1118 persedionem
1715 1002 1840 1114 plura
1869 1007 2015 1090 contris

662 1149 780 1249 butt,
816 1145 888 1254 nist
907 1142 1060 1252 quando
1088 1139 1294 1248 cujuslibet
1311 1139 1373 1222 rei
1382 1198 1397 1246 ‚
1431 1163 1548 1256 quam
1567 1141 1782 1250 describere
1799 1159 2014 1249 tentemus,

657 1285 835 1396 sedulam
864 1309 951 1366 cnm
987 1291 1139 1366 natura
1168 1277 1370 1390 faciamus
1407 1281 1775 1397 comparationem,
1836 1283 1883 1369 δὲ
1910 1285 2011 1368 bano
2103 1325 2105 1328 ·

661 1423 811 1508 tundis
841 1422 884 1505 in
897 1438 993 1504 otum
1023 1419 1110 1502 vim
1131 1418 1243 1501 unice
1263 1414 1482 1525 examussim
1502 1419 1770 1530 consulamus:
1803 1421 1889 1506 Hoc
1899 1424 2012 1533 patio

661 1563 818 1670 aliquid
841 1561 935 1657 itu,
971 1556 1032 1639 nti
1061 1556 1163 1640 illud
1187 1554 1416 1678 cernimus,
1441 1551 1699 1667 proponentes
1724 1557 1826 1644 alter
1848 1562 2013 1647 alterins

656 1701 874 1816 sequamur
902 1692 1143 1806 vestigium,
1198 1691 1271 1802 quo
1302 1711 1488 1802 tanquam
1517 1689 1659 1781 itinere
1686 1699 1845 1782 minime
1869 1699 2013 1807 saliari

661 1837 946 1948 qualiscunque
962 1834 1133 1943 fidentia
1169 1832 1224 1916 od
1242 1831 1443 1940 firminum
1479 1835 1617 1946 optime
1652 1837 1839 1946 composti
1863 1838 2013 1922 ordinis

660 1979 837 2062 ducatur
860 1975 1043 2082 gradum.
1108 1967 1294 2079 Nostrum
1327 1970 1487 2056 Aevum
1516 1975 1560 2057 in
1590 1977 1693 2059 omni
1707 1974 1797 2085 fere
1821 1965 2018 2090 Doiirina

508 2163 511 2172 ·
655 2119 745 2224 jon
777 2139 853 2198 non
881 2113 987 2196 modo
1012 2105 1158 2218 firmas
1170 2106 1369 2230 stabilivit
1388 2111 1570 2216 regulos,
1598 2115 1674 2221 sed
1689 2113 1894 2222 &fiolidm
1929 2117 2015 2226 qui·

658 2259 737 2339 bus
768 2257 823 2337 od
848 2253 951 2334 bunc
989 2249 1173 2360 itrprimis
1205 2251 1415 2360 optandum
1431 2250 1716 2360 perveniamus
1738 2247 1887 2358 finem,
1913 2257 2013 2360 jecit

659 2389 924 2500 fundamenta
969 2383 1127 2506 Quotus
1143 2403 1147 2414 '
1163 2407 1293 2481 antem
1335 2386 1497 2496 quisque
1528 2384 1609 2496 esi,
1654 2392 1723 2500 qui
1754 2392 1860 2493 bae,
1895 2403 2014 2502 quatit

660 2532 739 2616 aiii
757 2531 847 2637 jam
874 2507 1145 2638 straverunt,
1179 2543 1326 2640 pergat
1352 2526 1458 2610 viu?
1491 2527 1630 2641 Qubm
1661 2531 1798 2631 inniti,
1833 2530 1880 2614 id
1913 2533 2019 2640 quod

656 2666 923 2780 ‘drgueifflmns
934 2669 1286 2779 finisqueoperibus
1306 2668 1540 2752 immortalis
1550 2668 2015 2759 SWAMMERDAM

657 2808 738 2918 stra
754 2807 844 2913 jam
875 2823 1001 2892 aetate
1031 2805 1257 2918 observavit
1279 2865 1291 2907 ,
1313 2804 1473 2915 vicisim
1502 2809 1606 2890 inter
1623 2807 1692 2916 se,
1729 2834 1934 2892 corvorum
1954 2811 2015 2894 in·

656 2940 769 3056 sior,
803 2947 997 3055 quidquid
1012 2945 1194 3056 placeat,
1230 2939 1427 3056 rapiunt?
1462 2945 1529 3032 Sit
1554 2945 1686 3056 plagii
1706 2970 1848 3031 noxam
1883 2949 2016 3032 incorr·

665 3099 796 3171 rentes
821 3086 942 3169 eidem
973 3085 1177 3172 inbaerent
1203 3086 1374 3198 gradui,
1411 3109 1646 3193 earumque,
1683 3101 1728 3167 ut
1756 3087 1912 3168 tandem
1941 3086 2013 3170 uii-

665 3227 819 3335 quando
839 3226 907 3309 'ad
926 3221 1125 3332 stommum
1138 3224 1443 3334 'perveniatur,
1487 3225 1673 3308 adhibent
1689 3223 1848 3308 nullam.
1905 3225 2016 3310 'Fere

665 3363 835 3472 qnotidie
860 3359 1068 3468 testimonio
1088 3361 1188 3472 sum
1209 3359 1435 3474 Opuseula,
1461 3385 1560 3474 quae
1578 3362 1799 3472 variegatis
1815 3359 2016 3478 conspicuo

665 3501 855 3586 coloribus
889 3501 1033 3614 eprelo
1054 3501 1099 3585 in
1126 3500 1248 3586 lucem
1272 3499 1551 3614 profhruntur.
1667 3525 1669 3532 ’

733 3639 837 3724 Sunt
863 3641 1114 3726 nibilominus
1140 3637 1354 3746 Auiiotes,
1389 3645 1529 3754 quibus
1551 3645 1672 3727 bonor
1690 3645 1852 3727 debetur
1860 3639 2016 3748 jusus,

664 3782 768 3888 qvod
796 3781 939 3891 optima
968 3806 1140 3891 quaeque
1165 3805 1212 3864 at
1239 3777 1435 3888 verifflma
1468 3803 1519 3858 ex
1544 3779 1636 3858 aliis
1664 3777 1840 3882 desumto
1869 3777 1912 3858 in
1932 3803 2046 3860 eor-·

655 3933 737 4026 pus
776 3916 998 4028 digesserint
1036 3911 1298 4021 utiiifflmum‚
1334 3911 1404 4012 &,
1442 3933 1489 3992 ne
1520 3907 1701 4018 discipuli
1728 3911 1844 3995 novis
1874 3913 2012 3999 identi-

661 4056 750 4136 dem
777 4057 1034 4136 obruerentur
1053 4050 1322 4154 dogmatibus,
1357 4071 1402 4132 eo
1420 4047 1531 4132 unice
1553 4049 1774 4150 contineat,
1808 4075 2013 4160 quaecum
2069 4111 2072 4117 ·

663 4188 850 4275 veritatis
875 4185 922 4274 &⁷
943 4186 1204 4300 experientiae
1231 4187 1380 4296 legibus
1398 4186 1625 4299 perlibrata
1655 4189 1792 4272 merito
1822 4208 1914 4274 ante
1936 4218 2014 4278 om·

663 4326 734 4416 teia
758 4341 889 4418 tenent
908 4328 1091 4446 primas,
1127 4326 1276 4420 additis
1308 4328 1401 4418 bitot
1432 4327 1524 4416 inde
1540 4321 1716 4438 fideliter
1746 4325 2014 4439 illustrationi-

1913 4471 2026 4594 boot
