4802 6164
354 537 434 597 '·
552 545 1517 646 nuuxetoatoivii'sniriivuaa
1653 587 1728 677 105
1872 603 1880 618 ,

438 755 480 838 Si
509 773 627 857 porro
656 761 814 830 attente·
831 743 1119 826 consideremus
1148 767 1312 828 coronas
1339 745 1428 832 istas
1456 752 1726 860 universales,
1821 825 1825 834 .

382 889 482 974 quae
510 885 585 944 nec
612 880 764 963 pappos
791 877 865 935 nec
890 856 1018 960 paleas
1046 855 1194 935 habent
1218 917 1232 958 ,
1255 852 1401 938 semina
1420 858 1470 939 in
1494 865 1539 945 iis
1568 889 1728 970 compe·

382 977 501 1056 rimus
529 968 605 1052 solil
637 967 777 1068 calycis
809 960 1068 1046 exsiccatione
1095 986 1115 1044 a
1146 960 1499 1070 suisieceptaculis
1529 970 1724 1078 separari,

382 1085 422 1166 du
456 1103 547 1188 prae
576 1075 640 1158 sua
672 1075 851 1181 gravitate
882 1071 1092 1171 decidere,
1129 1073 1195 1154 vel
1219 1097 1314 1171 curn
1345 1075 1622 1163 universalibus
1653 1084 1727 1166 suis

381 1191 613 1292 calycibus,
650 1182 680 1264 fi
707 1179 821 1268 clausi
851 1201 1103 1279 remaneant,
1140 1177 1228 1284 post
1252 1183 1395 1264 horum
1424 1207 1495 1287 per
1522 1187 1728 1272 humidita‹

380 1317 463 1382 tem
487 1317 607 1378 terrae
638 1310 854 1398 aperturam
881 1290 1065 1394 adusque
1094 1291 1277 1390 radices,
1314 1292 1446 1372 locum
1478 1293 1524 1376 ad
1553 1320 1727 1380 crescen-

379 1407 474 1488 dum
520 1405 692 1509 amplum
736 1401 948 1505 recipere,
987 1399 1025 1481 id
1062 1399 1170 1503 quod
1200 1397 1488 1486 ,demonstratur
1517 1405 1557 1484 iri
1589 1401 1729 1516 Lamp-

304 1571 306 1576 ·
370 1515 515 1623 sciria,
555 1534 672 1614 quain
711 1507 803 1616 Cap.
839 1503 990 1591 XVII.
1030 1510 1072 1590 in
1109 1511 1312 1616 pericarpii
1348 1511 1572 1618 exemplum
1599 1512 1724 1596 sumsi.

265 1635 267 1640 '
379 1621 499 1706 Aliud
545 1622 662 1701 etiarn
698 1613 917 1700 universalis
954 1641 1167 1718 coronae,
1215 1642 1315 1722 quae
1353 1617 1432 1704 sola
1469 1619 1725 1706 exsiccatione

379 1728 491 1811 suurn
521 1727 652 1812 semen
679 1725 882 1830 demittit,
908 1727 1069 1832 praebet
1097 1724 1275 1834 Hyafeiss
1302 1724 1421 1836 (t):
1466 1728 1511 1811 In
1532 1730 1610 1814 hoc
1627 1731 1726 1816 flore

380 1837 533 1922 seminis
561 1860 706 1919 corona
732 1832 954 1918 universalis
982 1836 1030 1917 ab
1059 1835 1212 1940 lignosrs
1238 1835 1424 1938 calycinis
1455 1837 1619 1942 squamis
1647 1831 1724 1950 (u)
1786 1849 1787 1852 ‘

378 1951 421 2030 in
457 1946 584 2029 Radia
623 1944 868 2043 includitur,
909 1944 948 2025 δι
985 1969 1032 2026 ea
1064 1944 1203 2026 semina
1239 1942 1372 2054 (v),
1411 1970 1512 2050 quae
1540 1951 1581 2031 in
1608 1949 1725 2057 Disco

267 2083 272 2089 ·
378 2057 632 2154 inveniuntur
656 2050 746 2135 sunt
774 2051 901 2156 dura,
929 2056 1094 2158 propriis
1123 2052 1281 2156 spinosis
1308 2054 1629 2166 cmpedis-(au)
1658 2082 1727 2140 co·

378 2183 529 2247 ronata.
584 2163 677 2244 Vid.
707 2160 798 2272 Cap.
827 2159 910 2244 VII.
969 2159 1114 2242 Omnia
1144 2161 1240 2242 haec
1270 2159 1411 2244 semina
1442 2162 1639 2247 universali
1668 2190 1726 2249 re-

379 2275 587 2380 ceptaculo
625 2269 750 2354 stride
789 2269 1029 2374 adhaerent,
1067 2293 1196 2375 usque,
1230 2267 1322 2352 duin
1368 2273 1510 2380 calycis
1547 2271 1726 2378 squamae

377 2384 491 2491 plane
529 2381 725 2464 induratae
773 2403 846 2487 per
885 2378 1181 2462 exsiccationem
1201 2383 1241 2459 'a
1271 2383 1571 2488 receptaculo,
1620 2383 1727 2487 quod

377 2495 490 2574 etiarn
519 2493 638 2597 inagis
663 2491 859 2595 magisque
889 2487 1078 2594 lignosum
1109 2485 1188 2592 fit,
1219 2506 1401 2594 tanquam
1430 2492 1722 2598 abrumpantur:

378 2602 493 2683 Tunc
526 2602 631 2684 enim
665 2597 807 2680 semina
834 2596 955 2679 succis
981 2600 1128 2702 privata
1163 2599 1408 2704 receptaculo
1439 2596 1583 2681 diutius
1614 2600 1726 2688 affixa

376 2731 531 2792 manere
550 2729 781 2814 nequeunt,
815 2707 910 2790 dum
929 2705 1085 2812 insuper
1104 2703 1296 2796 filamenta
1315 2767 1329 2808 ,
1361 2729 1526 2810 quorum
1546 2731 1624 2812 ope
1644 2708 1727 2791 tha·

377 2820 482 2901 lamo
511 2817 844 2920 adnectebantur,
873 2815 1080 2899 evaserunt
1107 2815 1286 2899 marcida.
1722 2828 1725 2834 '

431 2929 526 3011 Hoc
554 2925 670 3036 pauo
698 2927 877 3037 Lapsana
907 2949 944 3030 5.
972 2920 1068 3036 (a)
1096 2923 1194 3033 Ray.
1223 2924 1343 3008 Prod.
1364 2939 1457 3034 pag.
1485 2950 1546 3028 13.
1574 2924 1641 3008 sua
1659 2926 1726 3010 de·

374 3039 490 3122 mittit
516 3035 692 3141 semina,
721 3059 843 3147 quuin
872 3035 1072 3144 lignosae,
1101 3057 1279 3136 curvae,
1308 3037 1482 3139 longae,
1512 3033 1727 3118 extrorsum

376 3147 535 3228 ferratae
564 3143 742 3248 squamae
771 3140 863 3251 (y)
885 3202 907 3245 ,
927 3147 969 3225 iri
999 3140 1125 3224 stellae
1154 3141 1320 3250 figuram
1340 3139 1549 3243 extensae,
1580 3139 1725 3225 semina

375 3253 609 3334 semilunaria
638 3249 733 3355 (z)
761 3275 784 3330 e
813 3269 949 3331 centro
976 3247 1182 3352 protrusa,
1208 3267 1365 3350 propter
1395 3246 1723 3352 exsiccationem,

375 3359 601 3468 vegetabilis
623 3359 788 3437 'naturae
813 3356 972 3437 tradunt
999 3353 1095 3435 sat0.
1177 3408 1179 3416 .
1612 3385 1619 3398 ·

432 3467 530 3576 Eius
572 3466 719 3573 generis
756 3459 897 3543 semina
937 3481 1018 3544 tam
1058 3461 1151 3543 dura
1191 3464 1230 3545 δι
1271 3461 1414 3570 lignosa
1453 3461 1533 3548 sine
1565 3469 1722 3551 coronis

375 3575 556 3692 papposis
576 3599 597 3656 a
617 3569 889 3655 MORISO
904 3569 1000 3653 ΝΟ
1023 3589 1218 3652 vocantur
1230 3570 1450 3679 fiilida,·&
1473 3575 1578 3682 apud
1603 3573 1718 3658 istum

376 3689 588 3772 Auctorem
619 3705 736 3764 unam
765 3704 815 3762 ex
843 3675 927 3784 ejus
954 3677 1274 3762 subdivisionibus
1302 3677 1553 3764 constituunt.

436 3797 540 3877 Tam
569 3788 984 3893 diversimode-itaque
1012 3787 1278 3892 exploduntur
1307 3786 1462 3870 semina.
1521 3793 1583 3874 Sic
1638 3795 1721 3876 uili·

375 3909 444 3992 bet
470 3903 544 3988 flos
573 3919 642 3988 aut
659 3901 797 4090 ,flama
827 3903 997 4004 genuino
1028 3893 1208 3982 instindiu
1236 3915 1430 3999 naturae,
1460 3895 1606 3983 suisve
1634 3903 1721 4008 ‘'giis

374 4019 441 4098 vix
476 4011 579 4094 rede
616 4008 657 4092 in
686 4005 891 4115 agandae,
928 4010 1099 4090 innatam
1137 4005 1206 4089 sibi
1247 4023 1379 4088 curam
1409 4005 1457 4089 ad
1486 4004 1543 4090 sui
1571 4013 1721 4118 generis

1656 4126 1722 4213 vel

440 4343 484 4503 ll
1107 4333 1477 4514 {illumiliu-

468 4509 480 4581 )
606 4525 636 4569 c.
830 4519 833 4526 ’
1109 4501 1176 4580 (z)
1198 4499 1275 4566 lbid.
1295 4519 1326 4564 c.
1372 4542 1377 4552 -

415 4341 430 4418 (

419 4425 432 4499 (

413 4509 490 4668 ssu)
514 4586 590 4654 ibid.
614 4588 643 4653 u
666 4587 759 4654 Tnii.
777 4603 807 4668 5.
830 4585 883 4672 fig.
900 4582 984 4670 29&
1002 4601 1052 4668 30.
1113 4665 1153 4750 Ο
