4802 6164
675 547 729 632 ao
785 533 872 622 oa
901 515 1214 634 contutans
1239 509 1575 626 noanngoo
1603 501 1963 604 otscnonova.

682 726 940 820 describitur:
972 709 1258 808 orbiculatum,
1287 707 1378 792 binc
1404 729 1642 810 convenam,
1667 709 1756 792 inde
1784 717 1925 794 envnln
1953 733 2040 800 rann

674 831 970 957 protuberentin
998 814 1255 927 transverfirli
1283 820 1339 900 nol
1351 819 1493 927 apicem
1542 817 1690 923 cilicet,
1717 823 1763 909 εξ
1782 814 1908 923 besto,
1937 844 2042 906 mar.

685 954 774 1062 gine
805 940 1111 1031 rnennbrnnnceo,
1140 931 1245 1013 oice
1274 929 1420 1010 bicorni
1448 927 1507 1035 (o
1544 989 1554 1010 .
1873 945 1877 956 ·

743 1057 789 1138 In
816 1061 959 1160 qnerto
987 1040 1115 1146 specie
1189 1063 1244 1145 oy.
1273 1054 1440 1141 quatuor
1467 1037 1599 1118 inveni
1626 1037 1851 1138 cornicula,
1881 1039 2043 1142 quaein

687 1166 829 1254 semine
857 1149 1037 1262 perfecte
1064 1148 1315 1254 quadragono
1342 1142 1468 1254 (v),
1498 1147 1690 1250 nullisque
1717 1147 1783 1227 alis
1801 1151 2041 1256 marginum,

684 1301 739 1364 ‚ex
771 1268 919 1375 angulis
945 1265 986 1342 in
1018 1257 1282 1348 summitatem
1312 1253 1483 1361 surgunt.
1730 1307 1732 1315 J
2029 1291 2031 1298 ν

747 1375 925 1463 Bidentit
954 1389 1111 1474 quoque
1138 1365 1271 1447 semen
1301 1362 1496 1466 eiusmodi
1521 1363 1622 1446 clare
1652 1361 1836 1462 monstrat
1863 1364 2043 1451 cornicu-

689 1495 727 1578 la
755 1475 872 1594 (w)
902 1479 1069 1586 quaein
1098 1469 1225 1556 cauffo
1255 1469 1366 1576 sunt,
1398 1499 1468 1556 cur
1495 1488 1623 1557 toturn
1642 1472 1720 1556 hoc
1737 1497 1861 1580 genus
1882 1477 2046 1564 bidentis
2173 1566 2177 1576 Ι
2271 1499 2277 1508 ’

691 1595 927 1706 cognomine
970 1582 1230 1690 distinguatur.
1297 1579 1344 1661 In
1380 1581 1610 1686 quibusdam
1640 1581 1756 1687 hujus
1783 1587 1931 1690 generis
1963 1586 2046 1693 spe-

604 1720 610 1730 '
694 1709 831 1792 clebus
871 1701 987 1782 etiam
1022 1691 1249 1791 observavi,
1280 1694 1477 1774 cornicula
1507 1687 1648 1772 aculeis
1674 1693 1835 1774 omnino
1851 1693 2046 1788 ‚deorsum

691 1817 806 1904 flexis
833 1811 926 1893 &e
966 1807 1089 1886 latere
1130 1800 1342 1880 orientibus
1381 1796 1459 1884 effe
1488 1816 1658 1902 annam,
1687 1819 1730 1882 ut
1759 1800 1800 1885 dc
1832 1803 1909 1884 alio
1938 1830 2047 1916 pron

693 1923 758 2008 sus
789 1918 956 2003 inermia.
1727 1931 1731 1938 ·
1793 1915 1797 1924 '
2153 1917 2155 1920 ’

763 2025 941 2114 Tandem
979 2021 1029 2104 de
1068 2041 1233 2104 amoena
1268 2039 1441 2104 coronae
1486 2020 1528 2102 in
1576 2017 1782 2105 Colenlnbr
1819 2018 2050 2128 figuratione

722 2137 886 2224 uaedam
916 2133 1046 2215 dicere
1074 2151 1158 2212 non
1183 2131 1252 2211 abs
1281 2153 1323 2212 re
1350 2127 1500 2234 judico.
1568 2127 1683 2212 Haec
1722 2129 1869 2214 semina
1898 2134 1940 2214 in
1967 2157 2049 2218 uno

695 2168 862 2338 flosculo
887 2243 991 2326 varie
1020 2237 1242 2323 construiia
1270 2235 1341 2320 fibi
1362 2238 1556 2343 invicem,
1584 2255 1765 2344 tanquam
1783 2239 1941 2346 pulchre
1955 2266 2050 2326 con.

699 2373 836 2460 tentae¹
864 2347 1245 2450 commendasse,
1283 2365 1552 2456 tegumentum
1579 2349 1801 2452 praebent,
1838 2351 1878 2434 in
1907 2349 2050 2457 hunc,

698 2490 745 2554 ut
776 2461 1055 2558 animadverti,
1084 2458 1260 2541 modum.

756 2575 803 2660 In
832 2575 956 2683 prima
983 2567 1112 2675 specie
1138 2565 1234 2674 Roy.
1256 2567 1371 2676 procl.
1393 2581 1483 2674 pag.
1516 2587 1604 2672 177.
1633 2563 1778 2650 semina
1806 2564 1903 2680 (x)
1936 2569 2055 2656 Rnlr'i

701 2687 789 2774 sunt
824 2688 974 2788 longa,
1011 2683 1053 2760 in
1090 2671 1250 2784 figuram
1288 2673 1552 2757 semilunarem
1588 2678 1821 2784 incurvata,
1859 2699 1974 2786 atque
2004 2677 2055 2767 ab

704 2799 787 2882 aliis
817 2791 1019 2874 latioribus
1048 2786 1088 2869 dr
1119 2783 1410 2868 rotundioribus
1440 2781 1578 2885 tedia,
1616 2783 2054 2885 adeout,s1semina

705 2897 911 2990 retrorsum
941 2891 1180 2996 fleiiantur,
1217 2892 1314 2972 hacc
1338 2888 1574 2973 semilunaris
1605 2891 1724 3001 figura
1751 2897 1956 2980 naviculae
1987 2921 2056 2980 cu·

702 3013 856 3124 jusdam
887 3005 954 3090 seu
982 3001 1144 3110 cymbae
1168 3000 1335 3106 speciem
1365 3001 1563 3103 recipiat,
1602 3026 1722 3108 quare
1753 3007 1869 3088 edam
1908 3003 2056 3117 aRoy.

703 3127 782 3209 hoc
808 3118 937 3201 semen
971 3115 1111 3198 dicitur
1141 3107 1399 3216 cnnnbisorme,
1432 3111 1473 3190 in
1497 3107 1611 3194 dorso
1644 3130 1822 3196 omatum
1849 3112 1943 3198 serie
1963 3116 2057 3200 den·

703 3232 913 3317 ticulorum
940 3220 1068 3331 (y),
1105 3222 1173 3323 qui
1199 3243 1270 3325 per
1297 3217 1575 3326 longitudinem
1605 3217 1793 3304 seminum
1822 3222 2056 3330 decurrunt3

704 3343 811 3424 unde
849 3333 1066 3416 naturaliter
1114 3329 1331 3412 echinorum
1380 3351 1402 3410 a
1455 3326 1548 3436 Roy.
1586 3336 1914 3438 cognominatur,
1952 3339 2059 3439 quod

705 3439 1010 3548 L¹NNAuus
1026 3439 1205 3545 exprimit
1222 3461 1292 3546 per
1299 3433 1475 3542 figurem
1494 3439 1752 3543 vegetabilem.
1798 3442 1855 3524 Hi
1873 3441 2058 3530 denticuli

703 3563 791 3646 satis
813 3554 917 3638 crassi
936 3554 976 3636 dt
997 3546 1237 3658 perliste'ntes
1256 3546 1411 3632 duobus
1433 3543 1559 3628 densrs
1580 3549 1621 3632 dc
1642 3548 1810 3634 carnotis
1829 3551 2057 3657 interjacent

708 3665 966 3773 marginibus,
995 3659 1061 3764 qui
1091 3660 1132 3739 in
1160 3655 1311 3740 seminis
1341 3653 1559 3740 summitate
1587 3659 1628 3741 in
1655 3659 1754 3742 alam
1827 3658 1885 3769 a)
1914 3664 2059 3749 abeunt
2085 3719 2089 3726 -

708 3778 1077 3864 membranaceam:
1108 3761 1266 3850 inferius
1293 3768 1482 3872 margines
1506 3768 1717 3850 cavitatem
1745 3766 1805 3877 (o
1856 3769 2060 3884 formant,

710 3911 812 3992 quae
843 3883 1003 3964 interius
1031 3875 1156 3984 glabra
1183 3875 1399 3958 echinntutn
1426 3871 1582 3955 dorsum
1610 3877 1763 3958 alterius
1780 3873 1934 3963 seminis
1959 3880 2032 4072 (Ι)

709 3999 800 4081 huic
830 4013 930 4076 vero
968 4009 1064 4071 mox
1093 3981 1195 4068 aliud
1223 3982 1493 4088 subsequens,
1532 3983 1748 4071 echinotnnt
1777 3988 1966 4099 quidem,
2010 3995 2060 4078 ed

1992 4107 2062 4188 mi·

759 4322 827 4401 (n)
848 4317 945 4381 Tan.
970 4332 999 4392 5.
1024 4313 1078 4396 fig.
1100 4329 1155 4394 40.
1177 4333 1207 4378 c.
1454 4313 1470 4390 (

756 4405 824 4482 (o)
846 4399 941 4463 Tan.
964 4397 996 4459 6.
1019 4395 1075 4476 fig.
1099 4415 1150 4477 24.
1175 4396 1205 4460 dr
1227 4409 1279 4473 25.
1454 4395 1467 4472 (

760 4485 838 4648 lli
856 4480 1013 4642 bailol:
1033 4477 1090 4641 ii:
1106 4495 1160 4560 ⁴³·
1397 4653 1398 4658 ψ
1455 4477 1519 4638 ξ)

1472 4312 1517 4401 y)
1540 4309 1617 4410 lbid·
1640 4313 1694 4398 fig.
1715 4332 1771 4400 44.
1792 4315 1846 4387 bb.

1479 4396 1526 4472 z)
1550 4393 1627 4462 lbrd.
1648 4415 1675 4462 a.

1478 4501 1497 4539 a
1544 4476 1619 4544 lbid.
1643 4500 1673 4546 c.

1478 4559 1517 4639 b)
1542 4559 1617 4628 lbid·
1640 4562 1696 4646 fig.
1716 4580 1770 4647 45.

2044 3946 2057 3987 ‚
2138 3939 2140 3944 .
