4802 6164
665 505 742 602 ηδ
792 441 897 584 ’ΠΕ
920 491 1145 583 nnana
1165 488 1451 577 anatona.
1482 488 1665 604 rruJus
1693 489 1925 581 caesara.

669 691 749 776 fere
783 713 917 774 ornnes
945 687 1065 788 sunt,
1105 685 1241 789 quibus
1276 707 1358 765 non
1385 685 1592 768 alternatim
1622 686 1687 768 soa
1717 685 1888 770 crescunt
1925 686 2028 774 folia.

672 803 857 884 Caeterae
899 797 1059 879 omnino
1100 796 1284 876 alternant
1321 795 1344 875 i.
1383 817 1417 875 e.
1456 817 1576 898 quum
1603 819 1725 880 unum
1747 793 1826 905 post
1864 796 2030 884 alteram

673 926 858 1015 tanquam
884 905 1126 1008 pergentius
1153 904 1245 984 ania
1277 901 1397 984 Linn.
1425 903 1526 986 Poll.
1558 904 1646 986 Bot.
1666 923 1759 1014 pag.
1789 906 1858 1008 48.

727 1007 943 1122 Multarum
973 1011 1123 1118 insuper
1159 1009 1250 1092 folia
1278 1009 1465 1092 accedunt
1493 1011 1542 1094 ad
1579 1013 1903 1122 amplexicaalia,
1935 1040 2032 1122 quo·

671 1127 771 1206 niam
803 1124 975 1232 protinus
1003 1120 1081 1202 fine
1110 1121 1260 1228 petiolis
1291 1121 1443 1224 oblique
1471 1143 1494 1201 e
1524 1122 1629 1205 caule
1655 1141 1929 1230 provenruotff⁸

728 1233 955 1336 Complures
983 1248 1028 1310 ut
1056 1252 1106 1310 ex
1132 1254 1184 1334 gr.
1215 1229 1395 1331 corani,
1430 1228 1699 1332 Cantantnae,
1739 1229 1779 1312 δι
1808 1231 2032 1340 esemt‘stos·

674 1339 800 1445 calefit
827 1341 975 1446 plurimi
994 1331 1229 1446 pinnatrfida
1258 1335 1482 1442 producunt
1503 1333 1607 1420 folia.
1668 1341 1779 1450 Quas
1808 1361 1942 1422 omnes
1970 1339 2031 1423 fo·

673 1453 809 1535 liorunr
839 1445 1070 1535 diversitates
1098 1445 1144 1528 fi·
1167 1448 1352 1551 explicare
1382 1447 1552 1552 vellem,
1582 1469 1687 1532 nova
1713 1451 1849 1533 iterum
1879 1450 1917 1532 δι
1946 1448 2030 1532 satis

674 1557 798 1664 ampla
850 1555 1117 1639 desderaretur
1167 1555 1401 1661 descriptio,
1451 1553 1655 1640 observatu
1702 1573 1809 1644 tanto
1851 1555 2030 1665 dignior,

672 1686 817 1772 quanto
849 1668 968 1772 magis
995 1683 1143 1746 certum
1169 1660 1251 1762 est,
1275 1663 1462 1766 quaedam
1492 1663 1580 1746 inde
1600 1667 1744 1770 liquere
1773 1667 2030 1770 particularia,

673 1796 773 1880 quae
809 1773 953 1862 iohac
981 1769 1091 1854 classe
1120 1771 1168 1854 ad
1196 1768 1387 1854 faciendas
1404 1768 1660 1868 distiniliones
1678 1776 1840 1858 multum
1871 1772 2029 1859 faciunt.

672 1881 823 1966 Verum
855 1905 905 1963 ne
937 1884 1014 1963 mei
1051 1879 1248 1964 Thematis
1274 1879 1516 1986 transgrediar
1542 1879 1668 1987 fines,
1697 1883 1796 1966 hanc
1823 1904 2029 1986 quantum·

673 1991 772 2084 libet
802 1991 959 2072 brevem
989 1989 1037 2072 de
1059 1987 1165 2094 soliis
1195 1987 1559 2072 animadverssonero
1587 1994 1762 2074 termino.

688 2109 690 2114 ’
740 2099 889 2182 Multas
930 2119 1086 2203 quoque
1123 2099 1200 2180 huc
1238 2100 1469 2204 pertinentes
1505 2101 1650 2206 plantas
1689 2099 1888 2186 frutescere
1919 2100 2033 2184 doce·

675 2231 817 2292 murex
827 2207 1118 2313 observatione,
1151 2229 1249 2311 quae
1261 2203 1315 2288 est
1326 2209 1364 2290 in
1377 2203 1494 2290 Linn.
1506 2207 1609 2292 Phil.
1634 2208 1722 2293 Bor.
1731 2228 1825 2402 pag.
1848 2237 1913 2318 37.
1935 2209 2032 2292 Cau·

675 2320 749 2400 dex
789 2315 982 2424 adscendit
1005 2313 1130 2424 fiepra
1169 2331 1318 2397 terram
1353 2317 1493 2422 absque
1517 2321 1689 2422 gemmis.
1766 2341 1803 2403 ta
1840 2321 1918 2403 fere
1949 2343 2033 2400 orn·

675 2447 745 2506 nes
769 2427 808 2505 in
838 2421 964 2505 nostra
991 2419 1102 2506 claffe
1130 2425 1280 2530 plantae
1309 2443 1551 2530 comparatae
1581 2426 1702 2528 suot;
1742 2431 1782 2512 δι
1818 2455 1907 2512 cunr
1935 2451 2033 2509 non·

674 2533 800 2614 nullae
832 2535 872 2613 in
898 2529 1108 2614 arbusculas
1136 2533 1334 2635 evadant,
1371 2532 1657 2621 hortulanorum
1691 2541 1824 2639 curis,
1864 2539 2032 2641 cultura,

674 2641 933 2748 plantatione,
963 2642 1002 2724 iic
1031 2639 1084 2724 src
1111 2663 1179 2750 per
1216 2664 1351 2724 eorum
1390 2639 1625 2725 artificiosam
1652 2667 1809 2738 manum
1838 2644 1933 2725 illud
1964 2642 2033 2725 fie-

674 2753 704 2830 ri
735 2749 933 2852 videmus,
963 2767 1007 2830 ut
1033 2771 1096 2831 ex.
1126 2774 1179 2858 gr.
1206 2753 1247 2832 in
1278 2749 1502 2854 quibusdam
1536 2749 1802 2860 chrysocomae
1842 2752 1882 2834 δε
1913 2751 2034 2860 Chry·

666 2856 863 2965 fanthemi
902 2857 1135 2963 speciebus,
1172 2880 1355 2940 necnon
1390 2859 1430 2940 in
1472 2856 1672 2944 Senecione
1701 2863 1738 2944 6.
1777 2857 1876 2968 Ray.
1911 2858 2054 2941 Pron

675 2978 764 3077 pag.
799 2971 888 3069 164.
918 2987 1015 3069 quae
1047 2984 1176 3048 tamen
1203 2963 1345 3072 species
1371 2988 1422 3048 ex
1438 2985 1568 3050 natura
1599 2966 1684 3051 saris
1702 2969 1857 3050 arborea
1877 2966 2032 3050 crescite

677 3071 890 3174 Baccharit
934 3099 965 3156 1.
1002 3076 1044 3155 in
1080 3070 1207 3182 Horta
1246 3072 1461 3156 Lurorusr
1504 3075 1729 3160 Academico
1767 3074 1822 3160 sat
1857 3099 2034 3183 magnam

676 3189 834 3290 quoque
869 3183 1048 3290 producit
1076 3183 1261 3264 arborem.
1328 3181 1477 3265 Praeter
1502 3184 1570 3267 has
1598 3209 1796 3292 nunquam
1823 3208 1897 3293 ego
1937 3187 2034 3266 inter

676 3291 903 3484 {ompoppsl
925 3293 1091 3398 plantam
1122 3289 1198 3376 vidi
1218 3353 1232 3396 ,
1249 3293 1252 3306 '
1268 3313 1366 3396 quae
1393 3291 1627 3398 arborescat,
1656 3316 1723 3379 aut
1749 3293 1943 3378 arboream
1968 3293 2035 3375 ha·
2121 3396 2126 3412 ι

705 3420 980 3484 mnam.

652 3615 654 3620 η
732 3507 822 3590 Hae
864 3527 964 3590 certe
998 3507 1077 3590 hoc
1116 3501 1252 3616 Capite
1283 3505 1412 3593 saitae
1440 3511 1722 3600 observationes
1747 3537 1810 3596 me
1839 3514 1886 3598 ad
1920 3510 2033 3594 Ordi-

680 3639 772 3700 nam
812 3615 1094 3728 explicationem
1132 3616 1316 3724 ducunt,
1359 3641 1591 3729 quapropter
1632 3644 1719 3708 earn
1765 3645 1869 3708 nunc
1907 3641 2044 3730 aggre·

683 3725 776 3808 dior.

981 4087 983 4091 .
1136 3891 1139 3896 ’
1230 3928 1460 4069 aaa
1608 4013 1612 4022 -

1264 4081 1417 4369 {a
