4802 6164
649 539 769 634 'DE
855 531 1393 630 ORDINIBUS.
1614 553 1690 650 '141

455 761 584 876 iniiam
612 762 727 848 etiam
744 755 841 868 filia
854 781 950 844 auro
978 755 1221 842 radiantibus
1247 733 1387 846 ardens

197 891 204 900 ·
342 927 349 938 -
441 873 621 960 ·Luctbit
637 871 777 985 statura
807 867 1042 974 Chrysantes
1068 868 1212 970 murita
1230 866 1387 979 pidum,

404 1093 517 1180 Haec
551 1093 565 1172 i
592 1091 667 1174 'ur
695 1089 788 1173 citm
817 1083 1077 1170 Radiatorum
1114 1084 1370 1172 flosculorum
1401 1088 1450 1171 fit
1487 1085 1699 1195 struitma,

348 1205 476 1291 videri
501 1225 557 1308 po
590 1216 631 1280 et
667 1195 842 1282 lililleria
880 1192 991 1305 (w)
1028 1219 1111 1280 non
1135 1194 1204 1278 nifi
1242 1193 1547 1294 femi-radiatus
1573 1201 1702 1282 nomi·

346 1315 501 1399 naudus
529 1303 1098 1428 flos⁴,·quand0quide1nn0n
1135 1324 1241 1390 tanta
1277 1329 1367 1388 cum
1404 1305 1519 1414 copia
1556 1310 1701 1414 ligulati

160 1469 166 1480 ·
341 1421 488 1506 adsunt
514 1416 696 1518 flosculi,
724 1437 865 1498 verum
892 1417 1029 1496 unicus
1059 1413 1246 1498 duntaxat
1272 1411 1466 1500 femineus
1491 1412 1605 1526 (a).
1655 1415 1702 1504 In

348 1531 503 1634 Disco,
530 1549 620 1611 eum
651 1543 819 1632 quatuor
849 1521 1036 1607 tubulosrs
1064 1521 1185 1636 (y),
1224 1525 1291 1628 qui
1319 1548 1457 1610 omnes
1483 1529 1524 1610 in
1554 1529 1701 1630 Calyce

353 1641 544 1750 tripartito
571 1629 694 1744 (a),
733 1633 833 1718 lianc
866 1631 919 1714 ob
948 1627 1115 1759 cauliam
1147 1656 1305 1761 quoque
1334 1659 1356 1720 a
1382 1631 1503 1722 Lina.
1530 1637 1571 1719 in
1605 1635 1700 1720 Gen.

351 1745 484 1832 Plani.
500 1761 601 1936 ff
630 1767 722 1846 390.
749 1739 975 1866 monophpllo
1010 1740 1430 1844 drdto,cont1nentur.
1461 1831 1465 1843 ,
1692 1776 1704 1832 t

539 1767 564 1826 a

406 1855 470 1940 Sic
551 1858 566 1937 i
592 1856 675 1936 aria
702 1854 846 1934 intuitu
870 1852 1032 1933 aliorum
1062 1849 1178 1954 hujus
1218 1849 1374 1936 Ordinis
1408 1851 1583 1956 florum,
1622 1857 1705 1961 qui-

352 1965 426 2050 bus
455 1964 621 2069 lingulae
653 1957 722 2043 seu
750 1958 867 2040 Radii
893 1959 935 2040 in
964 1961 1100 2042 orbem
1126 1958 1215 2042 sunt
1245 1957 1442 2068 dispofiti,
1480 1966 1706 2067 neutiquam

343 2067 508 2186 perfudit
536 2069 703 2152 radiarit
727 2061 922 2150 accenseri
948 2064 1103 2174 potest,
1132 2069 1172 2152 δι
1203 2063 1341 2177 facile,
1379 2069 1411 2151 fi
1440 2071 1524 2176 ejus
1555 2075 1704 2182 generis

352 2183 620 2268 invenirentur
649 2179 805 2282 plures,
833 2177 1005 2280 quintum
1043 2172 1295 2260 constitueret
1324 2177 1544 2268 Ordinem-.-
1590 2179 1707 2290 Quo·

354 2293 460 2374 niam
487 2310 584 2370 vero
614 2287 678 2372 hic
704 2283 798 2368 Flos
825 2285 864 2368 in
894 2282 1183 2395 Comofitorum
1210 2281 1326 2392 Claffe
1350 2284 1408 2368 est
1438 2293 1602 2392 unicus,
1641 2289 1707 2394 qui

355 2401 470 2482 talem
501 2396 621 2478 habet
647 2391 838 2502 figuram,
869 2390 963 2475 dum
992 2411 1124 2474 tamen
1155 2389 1357 2477 eiientialis
1386 2401 1520 2504 quarti
1549 2398 1706 2482 Ordinis

209 2545 217 2564 =
349 2505 577 2605 charadter,
607 2526 752 2607 nempe
779 2504 820 2581 in
852 2497 968 2584 Disco
997 2499 1328 2606 hermaphroditus
1351 2506 1578 2610 tubulosus‚
1606 2509 1646 2592 &
1663 2510 1707 2598 in

352 2615 482 2701 Radia
511 2613 693 2720 ligulatus
723 2607 909 2696 floscuius
934 2603 1065 2716 adest,
1095 2609 1202 2695 reite.
1231 2613 1379 2704 in'hoc
1409 2613 1562 2700 Ordine
1580 2614 1707 2730 ,sumn

198 2761 201 2766 ¹
350 2726 505 2812 obtinet
531 2725 678 2804 locum.

410 2831 618 2916 Caeterum
635 2828 701 2913 hic
729 2825 839 2912 Ordo
855 2829 981 2912 multa
994 2825 1156 2914 Genera
1183 2832 1401 2936 multasque
1434 2832 1583 2940 species
1601 2855 1713 2939 com-

351 2941 568 3050 peditur,
607 2943 749 3046 quibus
777 2937 1119 3023 Pharmaceuticae
1148 2935 1385 3033 inlhuuntur
1411 2939 1617 3026 Officinae.
1645 2939 1709 3031 ex.

399 3109 409 3130 .
437 3049 664 3156 Verbefin'a3
701 3049 794 3129 item
824 3045 1056 3156 Taffllaginis
1083 3045 1211 3150 folia,
1291 3074 1364 3134 uae
1400 3047 1515 3131 instar
1543 3047 1709 3144 fumifici

355 3075 495 3240 &abaci
521 3159 562 3237 in
589 3155 702 3238 usum
733 3153 902 3237 adhibita
923 3153 1164 3237 Asthmaticis
1189 3075 1374 3257 prossunt:
1405 3153 1596 3242 Duronici
1625 3151 1709 3266 Ra·
1783 3227 1788 3234 .

351 3264 454 3362 dix,·
483 3263 684 3366 Sulidagm
715 3261 822 3360 quod
852 3261 1082 3342 diuretieum
1113 3257 1170 3340 est
1198 3260 1432 3346 remedium:
1464 3257 1512 3342 Jn
1530 3260 1709 3369 Asterum

359 3391 499 3482 genere
527 3365 584 3450 est
611 3368 728 3448 etiam
757 3363 901 3467 imula,
938 3382 986 3445 ut
1015 3365 1120 3472 apud
1155 3364 1279 3447 LlN
1290 3365 1552 3452 NAEUM
1589 3393 1709 3460 voca·

356 3503 455 3584 tur,
484 3481 524 3564 &
555 3497 654 3583 quae
689 3467 841 3578 profert
870 3469 1040 3556 Erulum
1066 3471 1147 3555 five
1183 3471 1370 3578 anticam
1398 3475 1612 3588 Heleaiaa,
1640 3475 1709 3566 'cur'

353 3592 417 3702 jus
443 3587 594 3698 infigaris
623 3581 808 3668 Tiniiura
840 3581 1010 3665 &bene
1047 3582 1194 3667 conditi
1221 3583 1386 3676 Radices
1416 3593 1613 3698 egregium
1640 3579 1710 3675 ix}

358 3701 496 3784 hibent
527 3719 682 3798 aroma,
712 3693 844 3798 quales
878 3694 995 3774 etiam
1024 3691 1127 3776 vires
1152 3693 1270 3776 habet
1300 3696 1522 3804 Achillam,
1545 3691 1710 3808 ‚nomine

360 3804 563 3914 Millefhlii.
631 3803 678 3886 In
717 3797 930 3904 Hystericis
965 3803 1123 3908 qualitas
1161 3797 1407 3888 suaveolenta
1449 3799 1709 3894 Matricariae

283 3943 286 3950 ·
359 3920 570 4034 plurimum
595 3909 723 3998 adfert
750 3911 940 3994 levamen.
1008 3909 1304 4008 Calendularurn
1321 3911 1444 4024 flaret
1470 3915 1637 4026 denique
1667 3921 1718 4021 in

355 4023 611 4132 Ophthahnia
624 4019 727 4104 -satis
759 4017 872 4101 suum
908 4021 1098 4125 praebent
1123 4016 1249 4102 usum.
1708 4022 1711 4030 '

414 4134 572 4220 Praeter
610 4131 705 4218 haec
741 4151 824 4214 non
854 4145 1006 4219 tantum
1035 4143 1198 4242 quartus
1224 4129 1292 4214 ‘hic
1320 4131 1466 4243 Ordo,
1503 4161 1642 4266 verum
1670 4151 1713 4227 e-'

1612 4270 1712 4346 ssim

408 4463 470 4542 (a)
496 4459 570 4524 ura.
594 4455 626 4522 8.
648 4457 702 4538 ag.
723 4473 778 4530 ro„
1101 4459 1163 4538 (r)
1189 4460 1265 4526 utu.
1288 4461 1358 4529 rut.

394 4545 479 4629 k(a)
503 4543 579 4608 lbid.
601 4560 671 4606 ccc.
693 4539 755 4612 ec.
1096 4543 1167 4620 (z)
1194 4542 1268 4612 ibid.
1290 4563 1319 4620 e.

1118 4653 1203 4768 §a
