4802 6164
298 473 306 488 ’
448 525 537 620 nn
566 516 883 614 tentantur
907 508 1238 629 aunanunn
1266 513 1622 610 uarrnrnrnt.
1677 549 1729 635 ῃ

433 719 544 834 Quid
580 715 735 803 tandem
761 725 842 822 3pet
877 699 1039 824 ernian
1078 709 1288 794 tartaream
1322 709 1370 797 su
1409 699 1730 826 intellig'endum,

378 837 421 918 in
450 832 634 934 exemplo
661 825 825 910 bidentis
842 821 1050 904 :habemur
1089 817 1130 901 Si
1148 821 1344 930 unguibus
1373 843 1441 906 aut
1466 829 1593 910 cultro
1616 827 1732 933 hujus

343 943 530 1028 ‘seminis
548 939 763 1046 ,marginem
791 928 889 1042 (a)
918 923 1174 1030 auferamus,
1211 927 1325 1013 facile
1360 931 1459 1016 haec
1489 934 1611 1019 crusta
1638 930 1731 1048 (y)

378 1050 566 1134 asemine
595 1041 690 1153 (z)
717 1041 932 1150 separatur,
960 1039 1013 1120 ita
1039 1057 1085 1121 ut
1104 1039 1265 1122 nucleus
1292 1037 1384 1149 (a)
1412 1041 1502 1125 inde
1527 1047 1622 1150 eripi
1638 1070 1735 1150 pos*

378 1159 450 1258 fit3
479 1158 520 1240 id
545 1155 654 1260 quod
692 1155 807 1235 etiam
835 1151 875 1232 in
902 1143 1114 1250 majoribus
1130 1145 1338 1234 seminibus
1355 1168 1401 1231 ut
1430 1151 1646 1236 Centaurea
1664 1177 1730 1256 33.

379 1267 477 1376 Ray.
504 1265 625 1348 Prod.
644 1279 736 1370 pag.
763 1283 852 1364 142.
879 1255 1086 1342 Heliantha
1113 1256 1280 1361 mesore,
1308 1260 1413 1356 &in
1443 1258 1617 1363 plurimis
1636 1257 1734 1344 Car·

378 1379 465 1461 dnis
491 1369 547 1458 est
573 1368 745 1452 visrbile.=
803 1365 848 1448 In
885 1360 1129 1474 Osteasperno
1167 1364 1319 1448 seminis
1346 1363 1473 1450 crusta
1501 1365 1592 1478 (b)
1619 1365 1733 1452 instat

381 1487 492 1570 nucis
520 1483 635 1592 plane
665 1476 889 1580 induratur,
917 1473 1025 1580 quod
1057 1472 1184 1578 ipsum
1208 1473 1349 1558 indicat
1378 1500 1536 1560 nomen.

440 1591 641 1702 Quoniam
667 1609 763 1672 vero
816 1587 949 1668 uaevis
978 1580 1158 1686 semina,
1195 1585 1304 1666 nudo
1332 1607 1538 1692 excepto,
1565 1591 1605 1670 in
1639 1609 1734 1691 qua·

381 1704 469 1790 dam
500 1697 691 1805 ejusmodi
719 1721 742 1779 c
870 1692 954 1776 sive
984 1692 1160 1797 pellicula
1198 1693 1481 1798 continentur,
1520 1718 1567 1779 ea
1607 1693 1736 1779 crusta

360 1812 609 1914 neutiquam
636 1830 708 1912 pro
735 1803 953 1915 pericarpia
992 1797 1049 1883 est
1080 1801 1291 1906 habenda,
1332 1819 1444 1887 tanto
1481 1807 1608 1890 minus
1645 1800 1735 1888 sane

370 1923 474 2028 ‚quia
492 1916 778 2026 pericarpium,
806 1929 852 1996 ut
884 1911 1079 2020 explicui,
1105 1912 1227 1992 multa
1259 1914 1436 2008 continet
1463 1912 1635 2013 semina,
1662 1935 1736 1993 un·

384 2033 435 2114 de
468 2030 584 2114 etiam
609 2024 764 2106 nullum
781 2021 1016 2132 propriam,
1052 2015 1119 2102 sed
1155 2040 1347 2106 earnmnne
1376 2020 1537 2128 quidem
1568 2015 1735 2106 dativi·

386 2138 500 2222 detur
525 2130 798 2248 pericarpinnr.

419 2397 1720 2503 ὮΕῺΦὮὮΦΨΨὮΨὯὯΨΦ]

466 2671 737 2768 CAPUT
805 2669 1225 2760 DECIMUM
1295 2671 1659 2766 SEXTUM·
1827 2691 1830 2698 ’

649 2951 716 3038 De
751 2947 973 3036 Seminibus
1008 2973 1215 3061 earumque
1250 2947 1487 3062 discrimine.
1607 3045 1614 3054 ,

387 3253 652 3449 German,
692 3242 802 3348 quod
832 3261 878 3326 ut
917 3243 1177 3330 rudimentum
1214 3239 1361 3326 fruitus
1405 3243 1445 3324 in
1481 3237 1739 3346 descriptione

517 3353 690 3466 pistillia
726 3374 792 3432 rue
819 3350 1099 3434 consideratum
1134 3351 1243 3454 fuit,
1287 3373 1394 3432 nunc
1438 3349 1738 3434 examinandum

389 3471 526 3573 datur,
556 3482 602 3546 ut
623 3476 722 3568 part
752 3457 971 3560 vegetabilis
992 3461 1176 3565 decidua,
1213 3459 1306 3542 navi
1324 3459 1609 3564 rudimentum,
1627 3457 1741 3570 palli·

387 3579 449 3664 nis
475 3571 703 3680 irrigatione
728 3559 972 3667 vivificatam
1000 3566 1118 3651 Linn.
1144 3565 1247 3650 Phil.
1276 3563 1365 3648 Bot.
1386 3582 1479 3674 pag.
1502 3589 1567 3672 55.

442 3685 726 3770 Rudimentum
755 3677 889 3777 itaque
919 3679 1016 3758 novi
1048 3675 1277 3782 vegettbilis
1308 3674 1372 3756 hic
1399 3675 1529 3782 fernen
1557 3671 1614 3757 est
1639 3735 1654 3776 ‚
1691 3694 1739 3759 ut

388 3817 544 3905 germen
575 3785 693 3894 ipfius
731 3783 881 3868 seminis
919 3785 1215 3882 rudimentum3
1253 3781 1361 3887 quod
1388 3781 1520 3890 seneen
1545 3784 1586 3864 in
1616 3779 1740 3866 crusta
1821 3837 1824 3846 -

390 3906 566 3991 curiacea
594 3907 826 3982 contentum
854 3894 896 3974 in
922 3890 1038 4002 clafflr
1065 3889 1291 3976 definitione
1326 3892 1533 3997 exponitur
1559 3892 1739 3995 nnitnnr,

393 4011 588 4117 oblongam
600 4058 616 4105 ,
632 4005 745 4114 strepa
774 4004 1098 4112 qnadraganarn‚
1133 4002 1212 4112 inst
1227 4000 1382 4112 strepitat
1409 3995 1653 4108 angustiare,
1682 4023 1740 4082 cn·

393 4133 572 4209 ranatnrn
596 4129 718 4228 pappa
749 4111 826 4196 duc.

1609 4213 1740 4330 Quae·

1263 4423 1272 4488 ῑ

442 4436 513 4525 (x)
536 4428 632 4496 Tan.
656 4446 687 4509 5.
709 4429 767 4515 fig.
787 4447 820 4514 4.
838 4445 867 4498 t.
1255 4509 1262 4522 .
1294 4472 1302 4489 .

1218 4508 1297 4576 lud.
1319 4507 1374 4594 fig·
1397 4518 1451 4591 27.
1474 4507 1504 4576 dt
1528 4505 1580 4578 28.

461 4523 509 4686 ἐξ
533 4511 794 4686 tuitii.
1132 4429 1150 4593 i

1160 4427 1201 4593 i

1163 4669 1217 4772 t<
