4794 6156
885 474 1951 626 nomenoium

699 781 843 874 'rerum
874 799 1031 877 antae,
1063 797 1225 884 querum
1255 771 1399 882 excelse
1422 777 1513 882 jam
1553 777 1762 868 eminentes
1789 781 1942 897 phares
1954 783 2059 897 fixis

707 919 944 1028 intentisque
987 917 1141 1002 intuear
1182 910 1334 1012 aculis,
1377 917 1526 1023 procul
1552 920 1789 1008 committere
1823 923 2058 1038 sustinens,-

673 1058 935 1173 '‘Audaciam
956 1117 969 1158 ‚
991 1056 1030 1164 fi
1056 1076 1135 1164 qna
1169 1051 1261 1133 huic
1291 1058 1502 1146 tentamini
1536 1055 1648 1168 ineffe
1681 1063 1871 1147 videatur
1897 1129 1912 1170 ,
1942 1095 2058 1154 excu-

698 1197 836 1321 satam
879 1195 998 1280 velim
1030 1253 1043 1294 ,
1073 1191 1261 1302 fiqrrialem
1298 1185 1473 1298 Instincti
1518 1199 1594 1280 mei
1631 1201 1742 1288 haud
1782 1203 1886 1289 alius
1915 1208 2059 1322 scopae

710 1333 794 1446 est,
832 1359 948 1444 quam
972 1349 1017 1416 ut
1040 1333 1176 1414 comite
1203 1330 1469 1420 excellentiam
1490 1335 1708 1422 Aulierum
1740 1341 1937 1450 industria
1968 1351 2057 1432 Na·

708 1493 882 1578 turnm,
916 1499 1004 1564 cum
1035 1497 1166 1552 etrum
1200 1467 1368 1577 Scriptis
1402 1473 1619 1582 collatam,
1654 1503 1723 1570 ceu
1754 1483 1910 1571 urticam
1933 1486 2059 1599 selice·

585 1683 586 1686 a
700 1609 871 1702 'Ducem-

658 1771 660 1774 ·
699 1769 705 1776 ·
778 1751 847 1834 Sic
881 1743 1255 1834 Chamaeristicam
1296 1747 1397 1838 hanc
1432 1743 1701 1860 struiturae,
1743 1764 1913 1868 quaein
1941 1787 2056 1850 com·

702 1887 851 1994 pofitis
881 1885 1089 1972 invenitur
1116 1882 1321 1988 floribus,
1368 1889 1685 1995 descriptionem
1712 1897 1755 1986 iu
1781 1905 1951 1984 medium
1962 1921 2057 2014 pro·

700 2023 816 2138 ferre
849 2025 960 2108 haud
979 2023 1149 2124 dubita,
1195 2023 1287 2106 dum
1319 2025 1456 2136 inclyti
1481 2047 1597 2140 atque
1627 2033 1734 2119 inter
1756 2037 1968 2128 Batanices
1989 2041 2058 2152 sa·

703 2151 779 2251 'cile
799 2167 957 2278 primas
992 2163 1158 2252 tenentis
1192 2161 1281 2247 Vtri
1313 2164 1568 2278 Praescriata
1601 2195 1689 2256 tuen
1722 2177 1908 2264 Naturae
1941 2183 2058 2290 Legi·
2159 2289 2163 2299 Ι

708 2309 782 2392 ius
818 2325 1034 2412 exaequare
1061 2299 1111 2420 est
1140 2301 1322 2405 animus,
1352 2328 1392 2392 co
1408 2303 1702 2426 scitamenta,
1723 2331 1768 2398 ut
1791 2317 1834 2400 iu
1858 2324 2057 2412 examina,

707 2439 1095 2543 tiene'Plantarurn,
1128 2443 1184 2524 nd
1216 2439 1552 2549 Compofitarum
1586 2445 1746 2558 Claffem
1773 2453 2056 2567 spectantium,

705 2583 1086 2694 quantulumcunque
1114 2581 1299 2674 commodi
1324 2583 1381 2668 ad
1418 2585 1480 2668 rei
1510 2585 1806 2696 intelligentiam
1840 2623 1927 2680 cum
1962 2605 2058 2688 meis

707 2725 980 2807 comaruuicem
994 2721 1155 2838 fhciis,
1192 2721 1332 2834 qnippe
1368 2725 1507 2834 optime
1537 2750 1726 2834 gnarus,
1760 2760 1877 2843 quarn
1905 2738 1958 2848 fit
1979 2741 2056 2854 elif-

698 2855 824 2974 ficilis
864 2853 1109 2974 inimicarum
1145 2859 1422 2950 Charailerum
1458 2891 1545 2956 cnm
1584 2867 1754 2962 Naturci
1783 2881 2057 2990 comparatio,

700 2997 741 3112 fi
772 2997 1008 3110 discentibus
1026 2997 1135 3106 justa
1169 3025 1301 3086 eorum
1329 3001 1421 3120 defit
1441 3003 1546 3087 Idea.

707 3153 712 3162 '
802 3137 950 3228 Cerrtila
993 3139 1178 3242 idcirco,
1227 3165 1326 3250 quae
1360 3143 1403 3225 in
1437 3144 1511 3228 hnc
1545 3143 1666 3258 Claffe
1711 3151 1921 3261 observatu
1957 3159 2057 3249 milri

703 3275 797 3385 visa
822 3275 994 3386 suerunt
1028 3277 1246 3384 digniora,
1284 3297 1471 3390 exponere
1507 3303 1667 3371 cenatus
1684 3289 1778 3398 firm
1802 3356 1815 3396 ,
1838 3312 1954 3403 atque
1988 3303 2058 3385 uli

708 3419 898 3522 quarelam
919 3415 1005 3526 sese
1034 3415 1152 3504 aliter
1187 3415 1230 3502 in
1265 3420 1416 3503 natrrrcl
1442 3425 1583 3509 halece
1625 3433 1830 3541 contineri,
1865 3437 1961 3537 ita,
1995 3441 2056 3522 uti

707 3553 807 3638 milti
843 3571 1149 3667 apparuerunt,
1197 3560 1370 3668 aperui:
1400 3561 1474 3647 Ad
1490 3567 1585 3658 haec
1622 3631 1636 3676 ,
1680 3597 1728 3654 ne
1761 3577 1900 3681 quavis
1934 3575 2054 3663 Plan·

705 3707 839 3776 aarum
867 3721 1008 3802 genere
1033 3692 1260 3804 fingulatim
1297 3697 1503 3811 effingenda
1531 3706 1695 3813 saepiu
1726 3738 1848 3794 unum
1882 3716 2057 3826 inertique

702 3841 913 3944 impeterem
943 3831 1182 3938 ‚specialia
1198 3835 1435 3950 fitlnmmcclo
1468 3845 1647 3947 coaptavi
1674 3902 1687 3941 ,
1727 3871 1825 3950 quae
1858 3853 1916 3934 aa
1932 3877 2057 3955 gene.

702 3974 796 4056 ralia
830 3977 1108 4082 qrraclrareut,
1149 3957 1358 4084 cariemque
1389 3981 1498 4062 tanta
1530 3981 1658 4086 tnagis
1685 3983 1877 4070 rationem
1911 3991 2052 4080 haben.

692 4113 794 4224 ,clara
823 4111 961 4222 feast,
1000 4113 1180 4220 quoniam
1216 4113 1326 4201 hana
1358 4141 1453 4204 rare
1496 4117 1625 4204 totius
1658 4122 1816 4226 genens
1852 4127 2078 4220 ciurana*

701 4261 723 4330 e
756 4247 985 4352 speciemm
1015 4253 1214 4338 dumtaxat
1238 4257 1357 4358 uni,
1392 4259 1510 4370 elque
1542 4261 1713 4378 aracirne
1752 4271 1917 4354 nutabili
1945 4333 1958 4375 ,
2002 4271 2052 4380 est

698 4387 931 4501 tlesamtus,
977 4389 1067 4480 licet
1097 4417 1372 4507 nonnunquam
1405 4397 1560 4506 species
1596 4402 1760 4488 inultam
1783 4407 1900 4495 iuter
1923 4413 1970 4522 se
1992 4414 2056 4494 cli-¹

706 4535 717 4568 ,
766 4561 772 4577 1
1313 4541 1319 4550 .

1941 4551 2049 4662 scre-
