4794 6156
495 535 938 678 commoror
982 533 1613 642 nunrrrnonos
1669 551 1736 658 o

337 771 365 802 ··
418 736 626 842 Multiflori
646 734 794 845 Colycis
817 733 943 818 ideam
959 735 1123 858 praebet
1157 723 1275 823 etiam
1302 737 1592 853 Osteosperorom
1632 741 1686 856 (v

361 847 459 960 Roy.
497 848 618 931 Prod.
649 862 742 956 pag.
780 865 868 950 179.
906 866 1016 948 cujus
1051 841 1279 931 struituram
1317 851 1609 957 inexemplum
1648 881 1714 936 a·

359 957 447 1041 fero
476 957 524 1040 ad
554 951 933 1053 demonstrandum,
963 975 1044 1056 quo
1080 952 1196 1058 padio
1240 963 1447 1042 communis
1484 961 1714 1070 moltifloror
1783 951 1808 996 '²

360 1065 470 1174 calyx
499 1089 591 1147 cum
612 1064 740 1145 multis
762 1059 946 1144 tubulofis
963 1062 1283 1166 hermaphroditis
1307 1064 1475 1149 flosculis
1502 1071 1543 1150 in
1567 1071 1711 1180 Disco,

204 1275 206 1280 ¹
360 1176 400 1260 δι
434 1172 615 1256 femineis
643 1172 805 1279 ligulatis
835 1171 876 1250 in
904 1167 1067 1272 Rodio,
1094 1169 1233 1253 florem
1263 1172 1472 1257 constituat
1497 1179 1709 1264 radiorum.

406 1279 698 1390 Osteospormom
739 1273 956 1382 profeii0,
1001 1283 1145 1385 quippe
1189 1303 1239 1362 ex
1264 1285 1508 1364 radiororum
1535 1285 1706 1394 ordine,

359 1389 559 1474 innostra
590 1384 721 1492 figura
760 1382 1066 1468 LINNAEI
1104 1384 1375 1472 definitionem
1418 1393 1613 1475 clarillrme
1641 1416 1711 1477 ex·

356 1505 521 1609 planat,
560 1493 731 1578 fecunda
760 1495 906 1580 etenim
935 1487 1191 1598 femineorum
1222 1497 1479 1580 flosculorum
1507 1498 1604 1612 (x)
1623 1527 1711 1612 ger·

359 1611 497 1712 mina,
526 1600 742 1711 quaesunt
770 1598 928 1708 globosa
956 1597 1076 1712 (y),
1116 1601 1229 1686 srmul
1257 1631 1348 1688 cum
1377 1603 1599 1691 infecundis
1623 1614 1709 1694 her·

360 1718 686 1909 'llllilllm
726 1711 910 1900 ‘'ill-lli
928 1712 1183 1902 iiiiii
1197 1710 1709 1911 (siieiifiilliiniiffi'

358 1851 406 2016 iat
451 1844 710 2016 commonly?
736 1845 869 2011 Iialam
904 1927 993 2010 ilud
1024 1950 1047 2009 e
1079 1844 1266 2012 de'ringata
1293 1933 1507 2036 percipitur
1532 1853 1706 2040 figqu:

366 2065 465 2148 quae
492 2037 662 2124 distinile
681 2039 844 2143 exponit
869 2036 1063 2136 modum,
1089 2060 1168 2143 quo
1209 2035 1351 2121 semina
1377 2037 1527 2144 ipsaque
1555 2041 1706 2154 flosculi

361 2149 526 2236 feminei
552 2149 697 2254 ligulati
713 2169 783 2250 per
798 2143 972 2248 squamas
990 2143 1082 2254 (o)
1105 2165 1289 2250 tanquam
1316 2145 1579 2232 continentur.

270 2333 272 2341 ,
417 2259 526 2340 Idem
570 2256 740 2338 cernitur
785 2253 826 2332 in
867 2253 1029 2361 capitato
1056 2251 1155 2334 flore
1186 2253 1387 2338 Corrhomi
1425 2252 1508 2363 (b)
1537 2281 1575 2360 3.
1602 2258 1704 2370 Roy-

356 2367 478 2454 Prod.
497 2381 589 2473 pag.
622 2363 710 2466 136.
748 2357 873 2464 Cujus
900 2364 1016 2464 calyx
1043 2383 1066 2440 e
1093 2359 1251 2466 spinofis
1275 2360 1443 2468 squamis
1480 2360 1568 2474 (c)
1608 2393 1704 2452 con·

358 2473 522 2559 struibus
543 2474 676 2554 multis
696 2471 837 2578 longis,¹
863 2468 1067 2572 tubulosrs,
1084 2467 1401 2575 hermaphroditis
1433 2470 1600 2555 flosculis
1623 2474 1702 2585 (d)

360 2605 569 2669 commune
608 2579 738 2663 tribuit
783 2579 1087 2660 loculamentum
1116 2573 1241 2686 (e),
1282 2579 1382 2663 adeo
1412 2597 1459 2662 ut
1488 2580 1529 2663 hi
1564 2587 1704 2686 pariter

358 2691 589 2881 σοωροῇὲαω
619 2683 828 2796 tubulosom
865 2683 1043 2776 corollam
1066 2688 1107 2771 in
1142 2689 1276 2794 calyce
1305 2691 1516 2773 commune
1543 2712 1704 2778 conten-

356 2821 485 2887 tame
527 2802 640 2881 ciant.

229 2933 234 2940 ·
413 2909 559 3014 Ecquis
592 2931 642 2990 ex
667 2905 808 2991 hoe&
843 2907 966 3013 aliis,
1005 2929 1104 3013 quae
1143 2907 1287 2992 adduxi
1318 2912 1531 3018 exempla,
1572 2911 1702 2998 adhuc

367 3025 522 3130 ignoret
550 3016 711 3124 colycom
756 3041 988 3098 communem
1026 3015 1274 3206 moltssiorom
1321 3018 1583 3121 dicionem,
1632 3024 1701 3125 qui

359 3131 503 3212 multos
541 3128 621 3208 uni
654 3123 866 3209 crescentes
902 3125 1079 3208 continet
1148 3129 1344 3233 osculos,
1394 3151 1522 3232 eoque
1558 3130 1701 3210 intuitu

360 3239 476 3318 etiam
506 3249 750 3337 nuncupatur
787 3234 1052 3342 periootbiom
1093 3259 1322 3337 commune,
1359 3236 1401 3316 in
1430 3259 1513 3340 quo
1542 3237 1582 3322 δι
1609 3233 1701 3318 flos·

360 3344 439 3427 culi
484 3345 524 3423 δι
560 3339 703 3418 semina
727 3337 1078 3423 'fruibificationem
1116 3361 1395 3448 promovent:
1432 3343 1590 3428 Verum
1628 3346 1700 3427 hu·

355 3452 417 3559 jus
446 3449 502 3530 rei
530 3446 686 3527 uberior
711 3441 781 3526 fiet
807 3447 955 3525 mentio
973 3449 1013 3527 in
1039 3449 1214 3557 smgulari
1236 3453 1391 3566 Capite,
1418 3456 1487 3538 ubi
1506 3454 1557 3536 de
1587 3456 1700 3538 variis

361 3558 435 3644 Col
455 3580 539 3640 cum
561 3552 938 3635 denominationibus
966 3553 1118 3636 aibtrus
1143 3557 1239 3638 sum.

415 3585 494 3750 &ic
524 3683 656 3745 tamen
669 3663 747 3743 loci
770 3683 852 3740 non
881 3661 1047 3743 alienum
1076 3659 1157 3762 est,
1185 3662 1276 3744 fiex
1310 3667 1486 3773 opposita
1506 3693 1703 3776 compatre,

209 3773 215 3787 “
359 3782 465 3864 tione
489 3771 635 3878 Colycir
655 3766 1095 3876 commonismoltistoro,
1122 3794 1214 3854 cum
1238 3769 1426 3880 unifloro,
1446 3777 1514 3879 qui
1537 3781 1699 3862 unicum

356 3877 602 3970 solummodo
631 3880 808 3964 continet
834 3879 1067 3985 floscuum,
1094 3881 1194 3966 ratio
1223 3879 1530 3990 demonstretur,
1550 3908 1621 3969 cur
1649 3908 1700 3968 ex

398 4103 452 4182 (vl
475 4100 569 4168 Tan.
589 4119 604 4164 r
627 4097 671 4163 A.
694 4099 750 4184 fig.
773 4113 803 4181 7.
1087 4096 1236 4180 (ilibid.
1259 4097 1314 4178 fig.
1346 4095 1376 4167 8.

288 4249 292 4256 ,
403 4185 466 4264 (x)
484 4183 560 4248 ibid.
582 4199 721 4248 ccccc.
1092 4179 1336 4261 (c)lbid.ffi.

403 4265 634 4348 (y)lbid.ee.
1087 4263 1334 4346 (nilidae.
1380 4283 1384 4294 ·

404 4345 566 4428 (z)lbid.
610 4387 620 4406 .
1093 4345 1245 4427 (e)1bid.
1267 4365 1299 4417 c.
1457 4367 1462 4376 ·

405 4431 448 4513 (o
486 4364 626 4500 loidi.
1077 4509 1115 4600 B
