4802 6164
698 479 783 577 aaa
972 466 1502 566 annumeratum
1532 397 1820 565 conanum

702 672 755 758 ad
782 693 829 758 ea
858 665 1044 772 transeo,
1072 685 1172 774 quae
1201 665 1380 774 privatim
1407 663 1582 774 spectant
1616 640 1962 764 examinationem.
2025 663 2028 670 ⁴

957 881 1028 968 110.
1082 881 1147 968 De
1185 879 1456 992 Superficiebur
1492 859 1746 994 Receptaculr'.

705 999 934 1196 Primum
961 1103 1025 1185 hic
1054 1101 1205 1186 obtinet
1230 1102 1362 1184 lotum
1391 1123 1436 1185 ea
1480 1097 1672 1212 uperficies
1687 1165 1706 1207 „
1735 1127 1833 1216 quae
1861 1105 1999 1196 dicitur

757 1249 795 1297 a.
844 1215 1001 1298 Nuda:
1036 1233 1160 1316 quum
1194 1233 1337 1315 nempe
1379 1232 1455 1292 nec
1489 1212 1570 1292 villi
1608 1234 1683 1294 nec
1710 1217 1849 1317 paleae
1880 1219 2055 1330 adsunt,

686 1319 769 1434 ⁸sed
797 1317 941 1404 semina
965 1317 1157 1404 foventur
1183 1317 1398 1424 complexu
1424 1317 1735 1426 punctulorum,
1772 1341 1806 1405 e'
1826 1349 2052 1436 receptatu-

700 1433 775 1536 lo,
811 1431 1183 1536 protuberantium,
1221 1432 1287 1512 vel
1314 1429 1564 1531 cavitatem,
1594 1427 1807 1518 'semirubus
1837 1434 1944 1521 baim
1973 1437 2054 1524 for·

699 1543 925 1646 mentium,
952 1541 1103 1644 ubique
1128 1535 1356 1644 pundtatim.

759 1650 882 1733 Nuda
916 1650 1031 1756 igitur
1063 1645 1123 1729 est
1158 1643 1422 1755 superficies,
1463 1631 1631 1748 qudem
1660 1648 1839 1732 videmus
1874 1654 1915 1736 in
1956 1657 2056 1746 Son·
2126 1643 2132 1668 ³
2169 1725 2176 1734 .
2351 1651 2359 1662 ’

702 1759 768 1842 cho
797 1755 925 1868 (v):
951 1759 1070 1853 item,
1099 1753 1129 1836 fr
1154 1755 1296 1839 habeat
1320 1749 1541 1860 punuua,
1570 1753 1823 1863 inaequaliter
1841 1759 2049 1873 dispofita,

702 1889 801 1974 quae
840 1861 1019 1976 levifflma
1058 1862 1276 1967 dicuntur,
1316 1886 1366 1944 eo
1397 1861 1506 1968 quod
1532 1867 1766 1971 plenumque
1798 1889 1877 1952 tam
1906 1878 2051 1984 exigua

699 1975 815 2082 sint,
851 1993 900 2056 ut
937 1977 1005 2056 vix
1041 1971 1197 2056 discerni
1234 1991 1415 2098 queant,
1455 1969 1675 2072 cujusmodi
1719 1975 1972 2064 inveniuntur
2008 1987 2051 2068 in
2138 1988 2147 2002 '

697 2109 843 2277 tuta
866 2081 1120 2274 diffidi}
1137 2079 1783 2298 {taiadd'udt‘tfflddrr
1809 2111 2052 2310 dimidii,

697 2302 778 2408 jam
806 2322 897 2384 ante
927 2303 1156 2382 memorata.

704 2501 706 2509 ,
754 2407 892 2494 Nemo
919 2429 1015 2491 vero
1046 2407 1196 2514 credat,
1227 2411 1350 2492 velim
1366 2407 1508 2492 horum
1551 2405 1806 2494 undulorum
1835 2411 1945 2526 (w)
1971 2443 2046 2524 po·

676 2514 873 2604 'titionem
909 2540 1045 2601 revera
1085 2513 1164 2600 edic
1191 2520 1469 2622 inaequaiem:
1523 2433 1680 2599 iurum
1709 2517 1894 2622 profecto
1922 2531 2049 2612 ubivis

674 2631 903 2734 'analogum
931 2629 1083 2714 obturet
1111 2626 1324 2729 ordinem,
1352 2649 1431 2729 quo
1461 2625 1560 2707 haec
1582 2624 1769 2730 pundiula
1786 2649 1983 2739 peraeque
1999 2656 2046 2719 ac

694 2734 769 2842 ipii
804 2733 997 2842 flosculi,
1033 2756 1161 2820 totum
1204 2733 1464 2838 composrtum
1501 2727 1643 2816 florem
1672 2732 1918 2844 formantes,
1957 2742 2046 2828 sunt

694 2840 909 2948 dispofita:
969 2844 1047 2928 Sed
1074 2845 1168 2928 dum
1196 2845 1366 2947 aequalis
1400 2863 1537 2924 eorum
1568 2840 1679 2926 series
1703 2844 1853 2927 nudum
1870 2846 2046 2938 nostrum

695 2951 859 3062 effugiat
894 2951 1179 3060 conspectum,
1215 2975 1311 3050 non¹
1326 2950 1534 3056 aequaliter
1560 2950 1738 3036 ordinata
1766 2955 1881 3040 nobis
1908 2961 2047 3044 viden-

695 3081 797 3168 tur,
824 3063 930 3147 unde
959 3060 1190 3174 sagacissimo
1221 3057 1380 3168 quidem
1410 3059 1641 3143 denneatori
1667 3061 1784 3146 valde
1813 3059 1860 3148 iit
1887 3069 2045 3156 difficile

696 3190 916 3258 accuratam
943 3175 1100 3256 illorum
1128 3171 1235 3278 sequi
1264 3169 1575 3254 collocationem.

752 3281 799 3364 In
824 3282 1005 3390 eligendis
1035 3279 1197 3388 obiectis
1227 3303 1388 3388 operam
1414 3275 1501 3361 dedi
1529 3279 1705 3389 talibus,
1738 3305 1840 3388 quae
1866 3371 1870 3376 ,
1897 3293 2046 3373 roximo

696 3391 748 3476 ad
781 3395 967 3474 naturalia
1006 3392 1198 3476 accedunt
1236 3391 1450 3497 exempla,
1486 3407 1532 3470 ut
1568 3409 1592 3470 e
1632 3309 1895 3500 carqstrcomf
1912 3395 2041 3508 (x),

696 3497 917 3584 Centaurea
939 3495 1064 3610 (y),
1102 3499 1359 3582 Matricariae
1389 3491 1483 3606 (a)
1504 3522 1518 3578 .·
1555 3497 1715 3585 exhibet
1744 3499 1844 3584 Tan.
1875 3525 1912 3606 7.
1941 3527 2041 3612 quae

691 3607 809 3694 simul
843 3608 897 3691 ob
925 3613 1061 3694 oculos
1087 3611 1201 3714 ponit
1229 3669 1242 3708 ,
1282 3603 1612 3712 quemadmodum
1638 3613 1782 3692 nudum
1814 3607 2045 3724 Receptacu-

679 3717 773 3828 ‚lum
797 3781 811 3824 ,
839 3717 908 3836 seu
935 3717 1079 3912 Βᾳεω
1096 3713 1296 3830 staperficie
1322 3718 1427 3800 nuda
1456 3709 1583 3826 (a),
1614 3721 1839 3802 novitatibus
1856 3741 1922 3806 aut
1939 3733 2045 3834 puu-

690 3827 806 3913 unns
834 3823 960 3938 (b),
1004 3831 1131 3914 emina
1160 3827 1465 3939 recipientibus,
1495 3815 1541 3906 Iit
1565 3827 1797 3931 praeditum.

1977 3939 2046 4030 Se·
2147 3982 2149 3988 ·

759 4159 806 4237 o)
830 4153 906 4254 ibid.
929 4155 984 4242 rig.
1009 4174 1061 4223 10.
1434 4151 1503 4234 (a)
1529 4153 1608 4252 Iqid.
1632 4154 1688 4270 fig.
1713 4176 1763 4242 14.

759 4242 815 4316 w>
1013 4255 1047 4316 r·
1431 4235 1671 4407 attere.
1694 4237 1881 4406 ata
1999 4327 2007 4338 -
