4794 6156
502 551 590 641 ou
619 543 858 640 couozo.
887 515 1052 634 paoli
1079 519 1536 634 uouou-uioui.
1648 557 1700 656 ’.ι

345 746 439 862 phio
490 745 523 831 1.
572 743 671 854 Roy.
713 742 835 828 Prod.
874 758 969 854 pag.
1015 739 1106 856 181.
1143 738 1285 824 limbus
1302 735 1369 823 'est
1405 733 1703 932 itffundibilifhrl

349 857 425 940 mis
463 852 594 965 (a),
628 851 876 961 ventricofiu.
961 847 1008 931 In
1036 845 1226 954 Abstulit·
1261 867 1393 932 autem
1462 873 1564 953 ore,
1603 847 1703 956 Roy‘.

353 961 476 1048 Prod.
499 979 707 1074 pog.153.
734 964 856 1071 magis
894 977 1022 1068 operte
1051 956 1144 1038 illud
1172 954 1383 1064 videmus,
1420 957 1607 1063 quoniam
1642 974 1704 1039 tu·

354 1073 428 1154 bus
472 1074 526 1155 ibi
562 1091 641 1153 tam
681 1073 810 1154 brevis
848 1069 888 1154 δι
925 1089 1069 1176 parvus
1103 1061 1194 1167 est,
1240 1065 1459 1172 limbusque
1495 1066 1600 1178 adeo·
1643 1065 1707 1148 tu'·

353 1185 449 1264 bum
475 1177 621 1263 versus'
640 1181 867 1288 ampliatur,
896 1198 943 1259 ut
971 1169 1145 1282 perfeci&
1168 1171 1364 1280 inverfiim
1391 1200 1524 1258 conum
1551 1194 1618 1257 aut
1647 1175 1706 1278 iu-

348 1288 595 1395 fundibulum
636 1286 746 1400 (i)
788 1283 970 1369 referant.
1055 1282 1254 1366 Praeterea
1289 1285 1331 1363 in
1367 1281 1569 1366 Helionthi
1604 1277 1703 1364 floro

352 1397 461 1481 limbi
487 1393 692 1504 uentricost
712 1393 768 1502 (c
832 1394 1060 1500 exemplum
1096 1387 1226 1497 adelo,
1253 1415 1329 1474 nec
1355 1415 1439 1476 non
1465 1393 1507 1474 lu
1532 1389 1612 1498 jam
1629 1415 1701 1486 no·

356 1523 441 1587 tato
468 1505 682 1589 Centaurea
701 1501 808 1612 (ci.
958 1600 962 1616 Ι

331 1665 333 1670 -
411 1615 451 1696 Si
484 1613 620 1697 limbus
656 1615 697 1696 in
731 1611 1013 1719 longitudinem
1053 1613 1261 1718 excrevit,
1298 1613 1351 1692 ita
1388 1623 1435 1692 ut
1468 1607 1517 1692 fit
1552 1609 1703 1720 longior

355 1721 475 1828 quim
501 1724 636 1826 latior,
666 1723 707 1805 δι
733 1719 843 1803 sunul
870 1713 1107 1825 ventricofhs
1135 1716 1223 1820 est,
1252 1718 1389 1804 dicitur
1416 1717 1703 1824 longitudinali·

355 1845 419 1914 ter
446 1827 681 1939 ventricofils
708 1825 759 1933 (e
778 1825 829 1936 ).·
853 1827 1003 1910 Verum
1034 1845 1166 1911 tamen
1191 1827 1288 1912 haec
1318 1829 1448 1910 omnia
1474 1828 1515 1908 in
1530 1827 1703 1940 flosculis

355 1938 530 2048 tubulosts
567 1936 864 2042 frequentilllme
899 1938 1085 2035 variant,
1126 1937 1234 2020 unde
1272 1940 1314 2020 in
1352 1937 1480 2018 multis
1506 1939 1576 2023 vix
1604 1939 1701 2020 clara

338 2046 469 2138 ..datur
498 2045 722 2132 distioiiiu
827 2081 830 2088 ·
937 2078 942 2093 ·
1632 2087 1653 2154 ',

410 2153 484 2238 Ast
506 2155 703 2260 laciniae,
741 2179 842 2261 quae
878 2173 1059 2261 tanquam
1099 2151 1195 2238 folia
1234 2149 1489 2238 flosculorum
1530 2156 1570 2240 &
1609 2151 1703 2238 clun

214 2310 218 2319 ·
356 2267 478 2348 limbo
507 2261 739 2368 conjunctae
767 2262 955 2347 Corollam
979 2265 1194 2372 propuiam·
1207 2259 1409 2376 formant,
1439 2261 1490 2376 ad
1515 2264 1704 2382 cognitio·
1782 2342 1786 2348 .

354 2399 447 2457 nem
474 2369 725 2456 flosculorum
753 2373 862 2478 plura
899 2371 1086 2456 tribuunt.
1123 2371 1203 2456 ,Ad
1243 2369 1380 2456 harum
1406 2368 1523 2480 igitur
1549 2368 1703 2477 inquifi·

355 2485 503 2567 tionem
529 2480 691 2566 trulleo.
922 2551 926 2558 .
1529 2483 1532 2489 ’

410 2589 570 2674 Limbus
610 2587 696 2700 (f)
724 2592 844 2697 quie
881 2585 946 2674 sua
976 2585 1067 2674 bass-
1085 2592 1126 2675 δι
1152 2587 1312 2694 quidem
1343 2613 1367 2671 e
1395 2590 1493 2672 tubo
1528 2593 1568 2674 in
1605 2585 1702 2696 figu-

356 2723 437 2783 ram
464 2702 771 2803 campanulutam
802 2702 995 2803 excrevit,
1024 2703 1064 2780 in
1089 2696 1271 2805 superiori
1289 2716 1399 2801 parte
1419 2701 1592 2806 quinque
1609 2722 1701 2803 pro·

355 2808 464 2893 ducit
488 2808 641 2891 lacinias
678 2807 805 2918 (g),
844 2810 884 2893 &
913 2801 962 2890 fic
995 2806 1127 2890 evadit
1154 2803 1439 2913 quinquifidus:
1495 2807 1582 2891 Hae
1611 2809 1704 2889 laci·

354 2921 443 3002 uiae
470 2915 510 3000 se
537 2917 767 3022 expandunt
795 2917 938 3001 eodem
969 2917 1090 3000 modo
1128 2939 1173 2998 ac
1212 2913 1390 3003 Corollae
1427 2917 1467 2996 iu
1505 2919 1584 2999 aliis
1611 2910 1703 3000 floi-

357 3030 451 3110 culis
487 3029 779 3130 monopetalis‚
828 3047 873 3113 ut
910 3029 951 3106 in
995 3023 1205 3122 Primulo,
1246 3023 1285 3105 &
1330 3023 1583 3107 diverfimode
1633 3049 1705 3128 pa·

356 3151 442 3216 tent
480 3159 526 3216 uc
568 3129 857 3232 refleoluntur3
895 3135 1007 3216 multi
1046 3137 1149 3217 enim
1181 3128 1362 3230 flosculi,
1404 3134 1468 3238 qui
1496 3135 1632 3238 longas
1661 3135 1701 3216 &

355 3239 439 3324 fere
458 3265 581 3344 usquo
604 3241 654 3323 ad
679 3243 842 3326 limbum
872 3239 1005 3328 incisas
1037 3242 1181 3324 hubent
1208 3241 1359 3321 lacinias
1386 3236 1507 3346 (l),
1536 3242 1702 3322 multum

355 3351 614 3432 revolvuntur
652 3351 691 3432 &
728 3349 820 3428 hinc
863 3352 986 3430 oritur
1016 3345 1222 3430 distlnllio
1301 3347 1493 3452 Ioulis,
1532 3367 1703 3456 quorum

339 3459 516 3562 ‚laciniae
555 3451 646 3554 sunt,
670 3457 869 3536 breviores
899 3453 981 3562 (i)
1004 3512 1017 3553 ,
1044 3455 1118 3535 hae
1147 3472 1319 3556 patent3
1364 3454 1410 3534 In
1438 3458 1517 3538 aliis
1544 3475 1704 3563 propter

356 3590 494 3650 eorum
532 3565 687 3662 lacinias
726 3563 865 3642 limbus
903 3582 1069 3644 vocatur
1107 3564 1449 3668 quinquedentotus
1482 3562 1616 3672 (ως
1662 3567 1705 3648 in

355 3679 435 3758 aliis
463 3674 632 3776 denique
662 3668 881 3776 involutus,
909 3669 1130 3772 revolutus,
1160 3668 1362 3762 radiatus,
1388 3667 1417 3747 sl
1444 3694 1586 3776 nempe
1615 3674 1705 3754 laci·

353 3787 442 3870 niae
472 3805 538 3866 aut
565 3782 846 3885 involvantur,
885 3796 954 3862 aut
979 3777 1264 3880 revolvantur,
1301 3793 1367 3859 aut
1402 3799 1474 3880 per
1502 3781 1702 3970 aequplqm

500 3941 509 3956 ψ
1098 3909 1102 3916 ·
1614 3909 1703 3968 uam

396 4115 436 4270 {b
484 4193 561 4258 ibid.
578 4193 631 4274 fig.
655 4208 707 4274 23.
1188 4187 1243 4264 fiu.
1267 4203 1317 4270 34
1340 4183 1435 4252 llll.

350 4291 353 4301 ’
396 4275 544 4422 (ojlbid.
568 4273 622 4352 fig.
649 4291 697 4337 ιι.
719 4291 749 4337 c.
983 4284 987 4294 ’
1091 4269 1147 4344 (ι’)
1163 4268 1243 4332 ibid.
1265 4271 1319 4350 lig.
1346 4287 1402 4348 ιγ,
1420 4263 1468 4330 ι8.
1492 4267 1521 4332 &
1548 4285 1597 4350 19.

396 4527 411 4602 (

395 4607 410 4688 l

343 4137 347 4142 ·
421 4109 568 4274 o))TAo.
591 4128 623 4192 4.
645 4109 698 4192 lig·
724 4123 775 4174 10·
1093 4103 1158 4186 (h)
1184 4102 1260 4171 lbid.
1292 4101 1348 4190 fig.
1374 4099 1422 4167 18.
1444 4101 1476 4166 d.
1498 4101 1528 4168 ἀ
1550 4101 1644 4172 Tou.
1667 4124 1700 4194 4,

417 4466 432 4505 e

367 4423 371 4430 ,
393 4364 414 4526 ἱ
453 4356 561 4438 )lbid.
584 4358 638 4439 fig.
661 4370 691 4430 7.
712 4375 743 4420 c.
1096 4348 1251 4431 (lllbid.
1275 4351 1330 4434 fig.
1354 4369 1405 4416 η.
1427 4351 1457 4415 ἃ
1478 4349 1575 4420 Tun.
1594 4372 1627 4443 4.
1648 4355 1704 4447 fig.

443 4439 550 4519 )lbid.
572 4437 626 4520 fig·
652 4455 701 4508 ιι.
724 4437 757 4504 b.
1015 4501 1018 4506 ,
1171 4449 1223 4524 33.

415 4526 459 4686 ¹0)
470 4521 544 4589 lbid·
568 4519 622 4603 fig·
645 4534 675 4594 ⁷·
696 4537 728 4589 c·

412 4627 436 4696 g
479 4604 555 4674 llud.
576 4618 666 4672 occo.

1081 4673 1118 4770 F
