4794 6156
627 477 771 589 M>
837 483 1497 592 'LE-CTORE'S.

376 745 490 836 ciam
518 759 713 852 utcunque
740 738 1023 852 vivaccffimnm
1053 741 1183 828 omnia
1209 762 1392 833 accurate
1411 745 1517 857 sutis
1545 752 1738 868 complebis*

376 883 505 1004 poffc,
524 885 716 995 quoddam
745 883 1008 991 excogitarint
1035 881 1352 988 adminiculum,
1397 888 1503 995 quod
1528 892 1739 1002 universas

383 1029 579 1120 doctrinae
607 1022 841 1133 conservans
880 1023 989 1108 ideas
1028 1023 1196 1132 Nepotes
1237 1021 1280 1106 in
1310 1029 1498 1131 augendis
1527 1033 1610 1139 ojus
1642 1050 1737 1143 pro·

378 1163 565 1276 grefflbus
599 1164 846 1270 adunaret,
882 1161 928 1247 ἐξ
948 1163 1004 1272 fic
1032 1162 1141 1272 quast
1158 1177 1235 1277 per
1259 1165 1411 1268 gradus
1439 1167 1495 1250 ad
1513 1164 1735 1281 perfhdcffi·

381 1331 486 1391 mam
506 1307 664 1388 duceret
682 1301 947 1410 cognitionem.
1012 1299 1122 1384 Hinc
1140 1301 1348 1414 profluunt
1367 1304 1411 1388 iu
1430 1308 1570 1412 quovis
1592 1311 1733 1396 Studio

380 1445 481 1532 certi
510 1445 719 1543 Cataonas,
758 1440 897 1549 quiin
918 1440 1058 1558 plures
1086 1441 1185 1524 alios
1204 1443 1389 1552 produlii
1417 1460 1566 1531 certata
1601 1445 1733 1553 confli-

379 1599 499 1668 tnunt
527 1581 765 1686 synopfin,
820 1579 889 1664 uel
905 1579 1074 1688 aliquod
1106 1605 1244 1662 rerum
1283 1582 1554 1692 confluentiae
1592 1609 1737 1672 accom-
1837 1676 1844 1683 ,

381 1725 579 1810 modutum
628 1736 769 1830 corpus
800 1780 813 1822 ,
850 1717 929 1828 sub
968 1719 1122 1802 nomine
1167 1718 1447 1820 systematis,
1493 1746 1566 1830 quo
1589 1724 1736 1832 finguli

379 1863 602 1948 reddantur
624 1859 774 1959 idonei,
800 1871 846 1940 ut
861 1857 1078 1967 secundnm
1107 1852 1308 1962 definitam
1330 1857 1563 1972 llypotbcfin
1583 1865 1640 1947 ad
1664 1867 1734 1948 ab·

369 1999 544 2108 fiolutum
582 1996 814 2082 cruditionis
837 1999 938 2108 strae
970 1991 1176 2106 fastigium
1206 2011 1284 2108 pro
1315 1998 1433 2084 virili
1472 2001 1571 2110 qnid
1608 2001 1734 2111 conje-

378 2155 488 2224 rant.
1702 2182 1704 2189 ·

384 2327 388 2336 ·
447 2278 525 2366 Ast
562 2299 708 2364 omnes
742 2297 830 2360 non
861 2278 950 2360 uno
980 2273 1208 2382 cogitamus
1243 2277 1395 2363 modo:
1442 2265 1514 2362 Ne
1544 2283 1736 2366 miremur

376 2416 542 2524 igitur,
581 2413 619 2526 fi
648 2415 692 2499 in
720 2416 1011 2524 quibuscunque
1029 2413 1269 2528 'Disciplinis
1297 2434 1380 2501 tarn
1408 2417 1571 2526 diversa
1593 2422 1736 2530 prode·

378 2572 451 2642 ant
478 2551 712 2666 Systemata,
749 2553 1009 2664 &quispiam
1030 2577 1139 2637 caeco
1163 2557 1233 2666 fia·
1250 2581 1384 2642 amore
1393 2557 1602 2668 pollutus,
1623 2559 1735 2642 dnm·

377 2697 486 2780 niodo
524 2695 623 2803 quid
657 2693 751 2778 novi
781 2695 827 2804 se
855 2689 1043 2802 invenrffe
1066 2693 1285 2800 glorietur,
1330 2695 1485 2797 aliena,
1529 2695 1620 2778 licet
1640 2713 1734 2808 per·

377 2839 497 2944 quam
526 2835 664 2946 optime
686 2835 875 2935 irruenta,
903 2832 994 2943 suis
1020 2831 1359 2920 immutationibus
1381 2837 1515 2920 crebro
1538 2837 1734 2924 deteriora

370 2973 503 3090 saciat
522 3037 535 3076 ,
556 2973 626 3062 vel
644 2973 810 3062 multum
836 2973 985 3080 agendo
1004 2971 1109 3062 nibil
1123 2974 1198 3084 nost
1217 2975 1429 3066 ueritatem
1450 2974 1584 3060 multis
1606 2975 1736 3086 obscu·
1873 2977 1878 2994 '

375 3114 565 3199 nitatibus
585 3114 826 3224 comprimat.
1039 3109 1043 3116 ’
1742 3211 1745 3222 ¹

322 3325 334 3346 .
448 3253 550 3336 Una.
563 3269 719 3336 tantum
747 3253 791 3334 in
821 3269 970 3338 natura
998 3251 1130 3362 existit
1165 3258 1318 3340 ueritas
1339 3283 1354 3338 .·
1406 3253 1517 3338 llaec
1536 3254 1580 3338 in
1603 3251 1731 3361 fisld,

374 3389 480 3475 uerri
488 3449 501 3490 ,
536 3387 585 3472 a?
602 3389 760 3495 curiosd
776 3415 910 3472 rerum
929 3395 1244 3506 contemplatione
1264 3392 1315 3503 esi
1336 3395 1559 3502 detegenda.
1602 3391 1731 3494 Sane,

371 3529 409 3644 fi
440 3526 528 3638 quis
545 3526 668 3612 varia
688 3527 719 3609 S
713 3521 902 3634 ystenrata
920 3531 1208 3640 accusatifflmd
1214 3536 1427 3642 perquirat
1453 3549 1578 3617 ruente
1598 3593 1611 3634 ,
1638 3558 1732 3615 non-

371 3693 425 3756 ne
445 3693 490 3752 re
516 3665 601 3778 ipsa
632 3667 836 3782 euidenter
868 3667 1151 3769 conuincitur,
1195 3669 1384 3752 Acilianos
1405 3729 1419 3769 ,
1443 3673 1511 3776 qui
1542 3687 1728 3756 naturam

376 3805 635 3918 quantumvis
656 3803 918 3916 dupliciter,
946 3805 1028 3913 fine
1047 3803 1142 3914 fuco
1163 3821 1236 3892 ant
1247 3808 1410 3920 proprio
1441 3824 1568 3890 morte
1600 3805 1729 3912 offitiis

374 3945 755 4054 imaginationibus,
791 3966 890 4053 quas
910 3943 1057 4030 Graeci
1084 3927 1389 4066 φανΊαίςματα
1414 3961 1589 4046 vocator,
1617 3945 1727 4028 inve·
1860 3993 1863 3997 -

368 4083 585 4197 stigarint,
612 4083 747 4192 fecum
777 4083 986 4166 conuenire
1021 4109 1184 4185 ornnes,
1230 4086 1441 4196 horumque
1473 4088 1523 4168 ab
1558 4101 1727 4168 naturae

377 4224 559 4331 analogia
589 4225 814 4334 neutiquam
830 4222 1113 4336 discrepantem
1135 4225 1355 4334 conspersum
1389 4225 1590 4310 cominus
1619 4248 1730 4308 erra·

376 4391 422 4450 rc
432 4363 559 4478 poffc,
579 4389 650 4472 quo
678 4365 804 4472 magis
821 4361 945 4476 ifftrn
972 4365 1091 4452 rebus
1109 4365 1288 4452 innatam
1307 4365 1512 4466 ,Virtutem
1535 4365 1611 4477 fibi
1640 4363 1729 4446 uai-

374 4553 394 4604 c
464 4561 469 4572 »
1050 4503 1070 4549 *
1114 4529 1138 4590 2
1591 4537 1592 4542 Ν
1643 4527 1729 4591 catu
