4794 6156
692 575 750 692 n
942 561 1819 663 annuntiato

753 775 821 864 Sic
830 773 955 862 tribus
963 769 1158 878 partibus,
1175 761 1282 848 unde
1294 755 1478 865 Pillillam
1486 757 1657 864 constat,
1675 757 1876 866 separatim
1897 767 2050 878 etpost.

697 891 777 995 tis,
807 891 848 975 dt
880 879 1082 978 flaminum
1113 872 1371 979 descriptione
1398 869 1646 975 insuperiori
1672 870 1812 980 Capite
1838 875 2013 964 absoluta
2034 945 2048 986 ,

700 999 927 1109 stngttlarem
953 982 1179 1094 genitalium
1206 985 1247 1064 in
1275 981 1349 1063 hac
1376 975 1505 1062 Claffe
1534 977 1863 1064 constmdiionem
1881 1005 2050 1090 pertrac.
2111 1059 2115 1068 ,
2232 1059 2235 1066 ⁴

699 1113 821 1210 tavi,
850 1121 1017 1210 quorum
1043 1114 1176 1178 tamen
1201 1087 1410 1196 conjundta
1437 1085 1623 1170 struitura
1653 1108 1699 1169 ut
1735 1091 1869 1174 clarius
1893 1092 2051 1182 illustre·
2180 1157 2191 1180 ,.

597 1223 599 1230 ’
697 1237 770 1304 tur
804 1219 844 1302 &
865 1233 982 1318 quant
1000 1207 1105 1289 varie
1124 1195 1203 1284 sele
1219 1201 1316 1282 haec
1343 1199 1383 1278 in
1405 1199 1518 1280 variis
1545 1197 1711 1280 habeant
1726 1195 1933 1307 flosculis,
1973 1231 2053 1290 rne⁴

644 1367 648 1375 ·
698 1331 775 1434 lips
814 1339 979 1434 pateat,
1013 1318 1054 1398 in
1092 1313 1267 1394 Tentata
1298 1304 1372 1388 IV.
1410 1324 1582 1409 quatuor
1616 1305 1872 1392 flosculorum
1906 1311 2054 1416 speclea

702 1464 779 1550 pro
817 1432 1049 1532 schemate,
1078 1419 1204 1522 addita
1239 1442 1290 1502 ex
1332 1413 1467 1498 ordine
1502 1416 1798 1520 explicatione,
1847 1419 2056 1510 delineatae

702 1543 881 1656 exposui,
936 1538 1018 1641 lla·
1052 1559 1126 1640 aa,
1158 1554 1236 1634 342
1265 1545 1345 1632 as,
1376 1526 1441 1628 36·

762 1653 894 1758 Hujus
923 1650 1057 1751 itaque
1089 1638 1217 1724 Clallrs
1247 1633 1485 1718 charadteres
1523 1655 1546 1713 a
1581 1629 1835 1737 flosculorum
1864 1631 2052 1723 structura

702 1792 832 1874 usque
871 1761 921 1846 ad
960 1777 1096 1838 eorum
1135 1745 1454 1869 gernnationem
1493 1741 1588 1824 dum
1629 1737 1706 1842 jam
1746 1739 1922 1848 absolvi,
1959 1773 2053 1832 mox

708 1874 802 1986 quid
825 1888 984 1956 naturae
1015 1861 1197 1967 sapientia
1227 1879 1269 1938 tn
1287 1847 1502 1979 ,ffuspbuff
1521 1846 1817 1933 aut-seminibus
1842 1855 1954 1940 nobis
1979 1881 2052 1941 no·

700 2003 793 2072 tatu
820 1981 983 2092 dignum
1010 1963 1214 2082 praestet,
1244 1958 1338 2044 nnhr
1362 1953 1675 2068 investigandum
1701 1957 1823 2043 datur.

704 2329 2051 2454 Wfflimmmfflwmffiffl

703 2669 708 2677 ·
840 2627 2013 2770 annonanoonaana'

1060 2919 1701 3004 EXPLICATIO.

705 3189 842 3323 Fjgssr.
954 3199 1080 3280 athera
1105 3195 1316 3270 Statuit
1344 3210 1379 3263 2.
1407 3191 1491 3284 Ray.
1518 3189 1624 3265 Prod.
1645 3211 1724 3292 pag.
1760 3183 1843 3268 181.
1869 3196 2051 3296 magnitu-

978 3299 1062 3372 dine
1085 3291 1248 3370 naturali.

703 3417 792 3516 pig.
811 3433 847 3485 2.
865 3404 1025 3490 Eadem,
1046 3389 1098 3469 ast
1114 3389 1237 3481 rudia,
1261 3383 1503 3466 demonstrant
1528 3385 1718 3464 decursam
1741 3385 1916 3466 filamenti
1939 3413 2050 3492 usque

895 3497 939 3574 ad
962 3495 1082 3598 apices
1106 3491 1286 3566 antherae.

995 3589 1064 3689 (a)
1092 3589 1255 3664 Anthera
1278 3585 1373 3686 ipsa,
1397 3585 1532 3682 polline
1555 3582 1718 3685 impleta.
1778 3584 1843 3682 (b)
1870 3585 2050 3662 Filamen·

1084 3707 1164 3762 tum
1188 3683 1298 3784 ipsam
1314 3685 1351 3798 in
1365 3683 1438 3758 duo
1460 3683 1604 3758 vascula
1625 3683 1801 3762 dividens.
1855 3691 1870 3780 (
1877 3683 1915 3774 c)
1942 3686 2052 3786 Apex

703 3902 792 4004 fig.
816 3916 849 3998 3.
867 3885 1025 3968 Lirnbue
1059 3783 1272 3958 Sraztlieriarer
1286 3781 1747 3978 bfflmptearmioogitudinem]
1770 3875 1891 3956 scillas
1922 3879 1962 3957 δι
1994 3903 2051 3957 re·

892 3987 1043 4076 flexus,
1076 3999 1120 4055 ut
1150 3975 1236 4052 fitur
1265 3973 1531 4052 filamentorum
1555 3997 1736 4073 appareat.

992 4075 1060 4178 (a)
1076 4075 1232 4152 Limbus
1242 4071 1397 4148 reflexus
1407 4095 1491 4150 curn
1501 4073 2058 4174 quinqueluislaciniis,quicnm

1091 4172 1247 4248 flosculo
1278 4169 1429 4270 ligulato
1454 4193 1681 4269 comparatus
1705 4175 1840 4250 indicat
1864 4175 2054 4274 hujusmo-

1083 4271 1121 4346 di
1145 4266 1338 4344 flosculum
1370 4266 1459 4342 nihil
1482 4265 1551 4342 elle
1576 4265 1641 4340 nili
1666 4271 1820 4346 Limberd
1848 4271 1947 4371 quast
1973 4291 2054 4368 per·

1077 4369 1224 4467 scissum.
1276 4372 1291 4461 (
1299 4364 1343 4455 b)
1369 4362 1520 4439 Collum
1536 4362 1668 4458 limbi,
1692 4365 1766 4446 live
1788 4370 1946 4448 corollae
1967 4393 2056 4470 pro-

1081 4467 1196 4568 priae.
1249 4462 1311 4565 (c)
1339 4463 1431 4542 Tria
1452 4458 1634 4542 filamenta
1646 4466 1692 4544 ab
1708 4468 1864 4550 antherio
1872 4466 1921 4666 (sd
1947 4487 2054 4648 agat.

2007 4587 2059 4644 ⁰0
